2012 3398
274 128 398 192 462
693 106 1079 205 Appen-dix
1124 127 1212 186 ad
1246 127 1444 187 Ρ.ΛΙΙ.

399 298 606 359 grum,
661 285 1061 335 antennarum
1105 278 1231 335 basi
1277 279 1650 356 pedibusque
1687 275 1880 337 testa:

400 377 555 448 ceis,
602 373 848 431 thorace
909 373 1378 450 sub—quadrato
1431 376 1606 450 piceo
1624 416 1640 447 ,
1695 376 1882 432 limbo

395 471 776 545 ferrugineO,
837 469 1044 543 elytris
1100 469 1418 526 dimidiatis
1461 471 1637 527 dorso
1679 472 1884 547 nigriS,

395 567 685 624 lateribus
714 563 1005 640 apiceque
1032 565 1326 621 testaceis.

369 669 665 728 Gravenlz.
697 667 769 726 M
769 687 968 743 onogr.
1017 685 1050 723 2
1065 667 1157 723 15.
1208 664 1304 725 18.

368 780 619 838 Habitat
637 779 708 834 ‘in
739 777 989 851 Scania,
1037 778 1220 836 Dom.
1254 777 1433 853 Profi
1478 776 1889 852 Zettersteclt3

453 878 520 934 in
560 873 912 943 Finlandia,
962 873 1144 930 Dom.
1198 873 1377 950 Prof.
1419 871 1756 950 Salzlberg3
1820 874 1888 929 in

454 969 517 1028 V
520 969 702 1051 ermel
711 968 904 1040 andia,
918 968 1100 1026 Dum.
1113 968 1295 1028 Doct.
1310 966 1394 1026 M
1389 965 1705 1045 ellarborg.
1721 966 1802 1026 M
1799 989 1888 1025 us,

454 1066 641 1125 Dom.
664 1063 1016 1123 Sclzbnlzerr
1049 1071 1107 1119 et
1132 1071 1423 1120 nostrum.

397 1171 530 1222 Om.
571 1171 826 1221 boreali
873 1168 1039 1235 quoad
1088 1167 1275 1218 colores
1311 1167 1596 1230 subsimile,
1647 1167 1735 1218 sed
1770 1184 1890 1218 vere

291 1242 617 1303 distinctum,
657 1258 860 1306 corpore
896 1240 1118 1307 longiore
1154 1250 1204 1287 et
1239 1239 1392 1306 paulo
1430 1239 1726 1305 angustiore,
1766 1239 1891 1287 tho-

288 1332 398 1364 race
451 1311 840 1377 sub—quadrato
889 1321 984 1361 etc.
1058 1310 1220 1374 Caput
1263 1310 1463 1358 thorace
1513 1307 1671 1356 multo
1707 1310 1890 1371 minus,

290 1382 641 1441 rotundatum,
710 1382 936 1447 nigrum,
1013 1381 1258 1440 nitidum,
1321 1397 1464 1444 parce
1520 1378 1896 1443 punctulatum,

290 1453 444 1503 'valde
479 1449 768 1516 inaequale,
807 1451 969 1499 foveis
1004 1467 1185 1515 nempe
1222 1449 1413 1497 duabus
1449 1466 1599 1514 supra
1636 1466 1721 1510 os,
1758 1447 1894 1495 dua-

293 1524 388 1573 bus
424 1524 555 1571 inter
592 1519 761 1570 oculos
797 1532 845 1568 et
882 1520 1058 1584 quinta
1095 1518 1392 1568 obsoletiore
1429 1518 1482 1565 in
1522 1517 1686 1566 medio
1725 1521 1892 1565 verti-

293 1594 364 1642 cis
401 1594 732 1658 impressumr,
770 1589 903 1639 oculi
939 1588 1159 1638 laterales
1197 1589 1356 1654 nigri3
1394 1605 1450 1637 os
1482 1599 1531 1636 et
1563 1586 1699 1653 palpi
1725 1587 1892 1634 ferru—

294 1663 447 1730 ginei.
525 1662 784 1710 Antennae
823 1661 983 1725 capite
1021 1677 1132 1707 cum
1170 1658 1366 1706 thorace
1398 1657 1669 1722 longiores,
1707 1656 1895 1705 filifor-

294 1751 418 1794 mes,
453 1731 591 1780 fusco
612 1730 995 1795 -ferrugineae,
1034 1727 1239 1777 articulo
1276 1729 1437 1793 primo
1474 1727 1701 1792 longiore
1749 1726 1894 1774 dilu-

295 1804 398 1853 tius
433 1813 673 1860 testaceo,
717 1800 1041 1865 sequentibus
1079 1800 1172 1847 sub
1211 1799 1537 1858 ob-conicis,
1575 1797 1895 1864 longitudine

297 1870 538 1922 nonnihil
574 1871 999 1930 decrescentibus,
1033 1868 1212 1916 ultimo
1248 1869 1425 1916 iterum
1463 1866 1717 1931 longiore,
1767 1884 1894 1914 acu-

297 1944 503 1991 minato.
585 1941 791 1988 Thorax
852 1939 1306 2003 sub-quadratus,
1365 1937 1680 2002 longitudine
1725 1947 1895 1983 tamen

295 2011 449 2079 paulo
487 2010 648 2071 latior,
687 2006 884 2075 angulis
911 2010 1142 2056 omnibus
1178 2006 1470 2062 rotundatis,
1510 2005 1741 2054 lateribus
1770 2023 1894 2070 per-

297 2099 473 2149 parum
521 2079 827 2139 rotundatis,
877 2077 974 2127 late
1025 2077 1583 2142 reflexo-marginatisg
1646 2093 1790 2140 supra
1837 2076 1893 2122 in

299 2154 437 2200 disco
473 2150 666 2198 modice
713 2166 1002 2210 convexus,
1052 2148 1455 2211 nigro-piceus,
1511 2145 1730 2205 nitidus,
1782 2144 1897 2193 dis-

298 2239 443 2287 perse
481 2230 778 2285 punctatus,
828 2217 985 2268 limbo
1027 2218 1165 2266 omni
1211 2215 1327 2282 plus
1374 2217 1605 2264 minusve
1648 2225 1894 2278 testace03

299 2289 530 2339 l'oveolae
578 2290 801 2353 quinque
865 2289 1162 2352 impressae,
1234 2285 1341 2351 pari
1399 2284 1546 2332 modo
1608 2302 1664 2332 ac
1722 2284 1775 2330 in
1827 2282 1894 2336 O.

301 2357 560 2409 boreali
603 2357 788 2405 locatae
838 2357 1198 2416 inveniuntur,
1248 2371 1392 2418 saepe
1455 2365 1623 2402 tamen
1687 2352 1896 2402 obsole-

301 2441 410 2491 tae,
459 2429 743 2493 praesertim
804 2426 964 2474 media
1032 2427 1219 2474 baseos.
1315 2422 1591 2472 Scutellum
1653 2423 1897 2471 mediocre

303 2501 533 2564 nigrum,
591 2498 681 2545 sub
705 2524 740 2532 -
766 2493 1073 2561 triangulare.
1173 2492 1342 2558 Elytra
1404 2496 1564 2541 antice
1631 2492 1898 2541 latitudine

303 2569 517 2617 thoracis
543 2604 557 2629 ,
635 2565 885 2631 posterius
945 2564 1181 2613 nonnihil
1245 2563 1451 2623 latiorax,
1538 2563 1734 2611 thorace
1804 2563 1900 2610 vix

305 2637 462 2704 duplo
526 2636 778 2701 longiora,
841 2635 980 2701 apice
1046 2644 1297 2692 truncata,
1363 2629 1559 2698 angulis
1630 2631 1897 2680 exteriori-

304 2709 402 2756 bus
439 2706 745 2769 rotundatis3
784 2723 928 2771 supra
968 2723 1139 2769 parum
1179 2720 1422 2761 convexa,
1459 2715 1531 2751 sat
1565 2701 1811 2768 profunde
1846 2711 1898 2748 et

306 2794 480 2826 versus
517 2788 734 2824 suturam
776 2778 904 2823 sub-
922 2776 1126 2822 striatim
1164 2783 1417 2839 punctata,
1459 2772 1603 2820 dorso
1642 2772 1776 2836 nigra
1807 2767 1897 2817 vel

307 2848 559 2906 brunnea,
614 2844 849 2893 lateribus
899 2845 1180 2902 obscurius,
1233 2844 1370 2906 apice
1425 2841 1631 2889 dilutius
1669 2851 1895 2888 testacea.

307 2917 575 2965 Abdomen
612 2933 744 2980 pone
782 2914 937 2977 elytra
973 2913 1171 2961 illorum
1210 2912 1308 2958 fere
1343 2910 1689 2975 longitudine,
1723 2909 1898 2970 latum,

312 2985 620 3055 depressum,
657 2986 959 3052 marginibus
995 2982 1092 3031 alte
1116 2981 1343 3045 elevatis,
1378 2983 1516 3048 apice
1543 2981 1895 3038 acuminatum,

1731 3058 1898 3097 totum
