2012 3398
664 167 1140 261 Ρεέῖᾳ])]ιιιε.·
1571 163 1695 222 255

90 311 312 374 medium
347 312 522 362 baseos
559 311 742 373 altera,
780 312 945 360 antice
982 309 1083 360 lata
1122 321 1172 358 et
1208 307 1697 376 profundayposte-

88 385 192 432 rius
230 401 562 445 evanescens,
600 394 649 430 et
679 382 772 431 sub
811 381 937 432 callo
973 379 1214 429 humerali
1250 381 1418 440 tertia,
1454 377 1695 439 obsoleta.

89 453 357 502 Abdomen
394 471 527 518 pone
563 452 720 517 elytra
756 469 1013 518 magnum,
1049 450 1225 512 latum,
1261 466 1565 509 convexum,
1604 449 1697 496 ni·-

91 539 268 590 grum,
306 524 611 589 marginibus
646 521 789 584 latis,
825 520 921 568 alte
959 522 1186 580 reflexis,
1235 521 1411 570 acutis.
1499 518 1696 583 Corpus

89 595 268 643 subtus
302 594 527 659 nigrum,
576 604 773 658 pectore
810 591 999 649 nitido,
1050 600 1226 639 ventre
1263 590 1423 639 fasciis
1461 588 1697 637 cinereo—-

91 662 266 728 pilosis
309 664 369 709 ad
406 663 648 728 margines
698 672 1082 725 segmentorum.
1165 660 1326 709 Pedes
1376 658 1701 724 longiusculi,

92 743 271 781 tenues
306 731 543 797 pallidius
579 732 914 791 rufescentes,
952 732 1090 779 coxis
1126 729 1435 778 intermediis
1471 731 1523 776 in
1554 729 1697 794 apice

91 801 327 851 inferiore
376 803 519 868 spina
569 812 653 849 aut
699 801 964 861 mediocri,
1015 811 1173 859 recta,
1225 811 1311 848 aut
1349 799 1573 866 longiore
1611 817 1699 846 ar·-

94 882 239 918 cuata
284 872 500 922 armatis.
586 872 752 920 Coxae
803 867 956 937 primi
1004 871 1135 936 paris
1187 871 1334 920 etiam
1373 872 1519 936 spina
1554 870 1700 919 brevi

93 952 266 1003 acuta,
328 953 379 989 et
423 941 532 1006 ipsa
580 941 765 990 femora
811 941 974 991 antica
1019 941 1222 1000 subtus,
1292 951 1405 988 ante
1454 939 1696 1002 medium,

93 1012 241 1076 spina
273 1011 426 1060 simili
460 1012 731 1076 instructa3
767 1012 917 1065 tibiae
953 1009 1161 1078 longae,
1198 1021 1453 1072 arcuatae,
1493 1021 1697 1076 tenue53

91 1082 209 1130 tarsi
246 1080 466 1148 elongati
503 1080 693 1146 pallidi.

202 1164 326 1215 Obs.
375 1166 708 1229 Synonymon
761 1162 838 1214 Cl.
884 1163 1103 1213 Linnaei
1154 1164 1275 1214 sorte
1316 1165 1415 1214 huc
1462 1166 1697 1231 pertinet,

95 1235 516 1300 quemadmodum
567 1232 689 1282 h'aec
724 1234 925 1301 Species
972 1236 1026 1283 in
1065 1235 1244 1285 Svecia
1293 1255 1394 1285 non
1445 1254 1551 1284 raro
1603 1254 1695 1283 oc·-

95 1306 278 1366 ειη-τὴ,
322 1316 373 1353 et
407 1305 692 1369 descriptio,
729 1306 820 1354 etsi
842 1306 1115 1371 perbrevis,
1153 1307 1354 1354 Insecto
1391 1324 1700 1371 correspon—

94 1375 198 1424 det.
268 1376 359 1426 Ps,
397 1375 821 1441 sanguineus,
859 1376 1303 1427 Reichenb..Mon.
1330 1375 1475 1426 Psel:
1499 1377 1584 1441 49.
1619 1392 1696 1424 11.

97 1446 227 1496 Tab.
265 1461 314 1495 2.
351 1447 387 1495 1.
429 1458 515 1504 11,
551 1444 731 1508 quoad·
758 1444 946 1493 colores
996 1448 1090 1496 Ps.
1129 1456 1513 1495 mucronato
1550 1446 1700 1494 simi-

95 1513 188 1576 lis,
226 1515 313 1564 sed
352 1514 546 1563 abunde
585 1514 782 1576 differt,
824 1514 1024 1564 thorace
1062 1516 1288 1580 cordato,
1327 1515 1561 1565 lateribus
1596 1534 1700 1564 an—

95 1586 250 1633 terius
287 1583 524 1645 dilatato,
579 1586 772 1649 postice
807 1584 946 1634 sulco
984 1586 1233 1652 profundo
1280 1588 1466 1649 inciso,
1525 1586 1699 1651 elytris

91 1653 354 1717 laevibus,
421 1655 637 1721 pedibus
683 1655 912 1716 muricis,
963 1668 1014 1704 et
1063 1657 1197 1723 quod
1247 1657 1456 1708 dimidio
1502 1658 1665 1706 minor
1681 1673 1699 1720 3

95 1725 185 1774 sed
219 1725 302 1774 hic
338 1727 473 1792 apud
510 1743 603 1775 nos
639 1743 743 1774 non
778 1725 1033 1778 inventus,

107 1892 132 1929 1
150 1894 206 1930 o.
256 1872 324 1928 P.
375 1870 488 1928 fos
506 1894 530 1928 s
548 1893 588 1928 u
608 1873 844 1931 latus:
917 1883 1227 1932 castaneus
1246 1918 1261 1948 ,
1314 1877 1422 1934 sub
1442 1909 1477 1920 -
1496 1878 1699 1954 pube-

221 1986 427 2040 seem,
473 1968 697 2044 palpiS‚
753 1972 1028 2027 antennis
1076 1973 1448 2049 pedibusque
1491 1974 1700 2031 ferru-

216 2064 438 2139 gineiS,
499 2064 745 2120 thorace
801 2067 1093 2126 cordato-
1111 2068 1390 2142 globoso,
1445 2068 1701 2128 foveolis

220 2159 412 2214 tribus
438 2160 785 2235 aequalibus
816 2162 1129 2237 impresso,
1484 2157 1487 2160 ⁴

186 2268 501 2328 Reiclzenb.
527 2269 689 2326 Mon.
715 2270 812 2328 Ps.
838 2266 936 2328 54.
963 2271 1053 2328 15.
1102 2270 1245 2328 Tab.
1273 2290 1326 2328 2.
1343 2273 1405 2352 f
1440 2274 1533 2332 15.

179 2372 503 2450 Pselaplzzcs
526 2374 913 2446 Dresdensis‚
955 2375 1124 2453 Payle.
1153 2376 1260 2433 Fa.
1304 2378 1359 2433 5.
1395 2377 1533 2438 565.
1562 2381 1618 2438 5.

181 2508 532 2521 ——-—-—-·
593 2494 937 2553 οαειαηειιε,
1012 2482 1182 2541 Beck.
1238 2485 1425 2561 Beytr.
1488 2505 1582 2544 11.
1646 2505 1706 2566 9.

273 2563 329 2624 T
326 2562 419 2637 ab.
462 2580 518 2619 2.
538 2564 610 2643 f.
643 2583 714 2643 9.

175 2671 436 2738 Habitat
469 2675 582 2731 sub
615 2677 833 2732 muscis
867 2685 925 2734 et
953 2676 1280 2755 lapidibus,
1325 2684 1536 2740 rarius,

205 2799 539 2852 Praecedente
572 2802 673 2852 fere
708 2803 916 2856 dimidio
955 2808 1147 2869 minor{
1186 2807 1362 2859 thorax
1393 2810 1552 2862 multo
1588 2813 1712 2861 bre-

106 2872 247 2932 vior‚
310 2870 451 2919 aliter
502 2885 845 2938 constructust,
895 2875 1030 2925 color
1065 2880 1252 2940 variat,
1304 2892 1390 2929 aut
1438 2893 1713 2945 castaneus,

105 2953 192 2990 aut
227 2940 697 3007 piceo-rufescens.
771 2943 933 3011 Caput
968 2946 1290 3013 triangulare,
1330 2952 1525 3015 piceum
1547 2989 1559 3011 ‚
1598 2953 1716 2999 tho-

108 3029 214 3061 race
253 3011 454 3076 minus,
489 3013 649 3063 fronte
689 3014 905 3068 loveolis
939 3017 1098 3068 tribus
1128 3019 1396 3088 impressa3
1434 3023 1567 3073 oculi
1604 3020 1716 3086 glo-

1607 3091 1715 3141 bosi
