2012 3398
276 130 398 192 648
673 135 1061 215 Appendix
1102 136 1195 195 ad
1229 138 1298 198 P.
1328 139 1473 197 III.

359 283 609 342 Habitat
647 289 710 344 in
755 289 939 345 aridis
976 255 1050 346 acl
1077 289 1351 366 Esperod
1380 288 1646 352 Scaniae.
1692 291 1878 352 Dom.

446 380 625 458 Profl
666 383 1080 456 Zettersteclt3
1133 386 1197 441 in
1261 383 1628 442 Gottlandia.
1696 387 1880 444 Dom.

447 475 752 533 Fiilzrezcs.

387 560 580 610 Statura
630 574 680 611 et
730 563 942 611 affinitas
978 563 1351 629 praecedentis,
1405 565 1491 614 sed
1530 564 1630 613 fere
1671 564 1882 616 dimidio

279 629 441 678 minor
491 643 540 679 et
590 650 707 681 vere
761 630 1027 694 distincta,
1088 637 1286 698 punctis
1339 637 1573 683 serierum
1624 637 1678 683 in
1714 635 1885 699 elytris

281 701 580 760 majoribus,
621 703 966 767 paucioribus,
1023 704 1176 769 magis
1214 704 1511 753 distantibus
1553 716 1644 754 etc.
1720 704 1887 769 Caput

280 787 510 833 parvum,
548 782 829 830 retractum,
869 772 1310 833 viridi-aeneum,
1345 773 1506 835 laeve,
1537 773 1693 822 oculis
1723 775 1885 820 brun-—

280 839 406 889 neis.
483 840 741 888 Antennae
777 841 974 889 thorace
1014 841 1293 908 longiores,
1328 855 1460 891 totae
1501 845 1681 908 nigrae.
1731 844 1886 891 Tho-

278 925 366 955 rax
403 911 757 973 brevissimus,
796 912 958 959 antice
997 910 1097 959 late
1137 914 1482 978 emarginatus‚
1521 912 1755 960 lateribus
1786 931 1886 977 pa·-

281 994 386 1025 rum
425 981 754 1042 rotundatus,
791 981 897 1029 basi
937 982 1299 1042 bi—sinuatus‚
1340 1000 1483 1049 supra
1523 983 1715 1030 modice
1755 1000 1887 1030 con—

278 1065 469 1108 vexus,
508 1049 1075 1112 coeruleo-virescens,
1130 1053 1266 1100 disco
1306 1054 1397 1100 vix
1431 1051 1518 1101 vel
1561 1050 1885 1101 subtilissime

278 1118 635 1180 punctulatus‚
675 1120 878 1178 nitidus,
918 1122 1047 1168 intra
1086 1122 1329 1187 margines
1369 1123 1561 1187 postice
1597 1123 1885 1187 impressus,

276 1190 492 1237 anterius
541 1207 684 1254 parce
747 1201 1029 1256 punctatus.
1127 1190 1406 1239 Scutellum
1470 1192 1883 1251 semi-ovatum,

279 1257 464 1306 thoraci
520 1258 768 1309 concolor.
853 1259 1027 1324 Elytra
1086 1280 1291 1326 magna,
1363 1261 1562 1309 thorace
1612 1260 1783 1309 latiora
1834 1267 1911 1309 et'

281 1327 552 1393 quintuplo
591 1328 848 1395 longiora,
887 1331 1028 1395 apice
1068 1331 1347 1392 rotundata,
1386 1349 1532 1397 supra
1568 1330 1717 1378 valde
1755 1348 1886 1378 con-

279 1414 430 1457 vexa,
469 1410 551 1446 aut
589 1400 1085 1462 virescenti-aenea,
1128 1412 1211 1448 aut
1253 1399 1884 1464 viridi—coerulescentia3

280 1466 332 1513 in
370 1468 568 1533 singulo
608 1468 785 1533 elytro‚
823 1471 966 1532 juxta
1004 1482 1238 1531 suturam,
1279 1472 1444 1530 series,
1483 1472 1727 1535 posterius
1755 1471 1886 1518 sim-

281 1535 430 1601 pleiz,
470 1556 641 1586 versus
684 1540 821 1586 basin
860 1539 1144 1605 duplicata,
1199 1551 1247 1587 et
1297 1542 1349 1588 in
1389 1539 1582 1604 reliquo
1623 1540 1758 1588 disco
1797 1558 1887 1588 se-

281 1608 375 1654 ries
403 1618 532 1669 octo,
574 1627 661 1673 per
693 1610 823 1673 paria
848 1611 1237 1674 approximatam,
1272 1629 1443 1659 omnes
1480 1621 1761 1658 constantes
1798 1609 1887 1657 fo·-

281 1675 442 1726 veolis
479 1696 565 1725 seu
610 1680 808 1743 punctis
845 1679 1155 1742 majusculis,
1194 1680 1440 1745 profunde
1474 1680 1743 1744 impressis,
1782 1680 1886 1726 mi·-

283 1763 378 1794 nus
419 1747 701 1813 regulariter
739 1747 941 1810 locatis,
991 1749 1327 1810 distantibus,
1375 1752 1467 1797 vix
1526 1749 1649 1797 ultra
1697 1766 1758 1797 10
1796 1759 1883 1796 aut

285 1832 344 1864 12
382 1818 433 1864 in
487 1817 680 1884 singula
734 1820 889 1880 serie3
944 1822 1227 1884 superficies
1273 1819 1463 1883 reliqua
1499 1837 1586 1867 seu
1621 1820 1883 1867 interstitia

277 1886 603 1936 subtilissime
643 1888 913 1936 obsoletius
952 1906 1080 1955 vage
1117 1889 1428 1953 punctulata.
1505 1888 1697 1954 Corpus
1754 1890 1884 1936 sub—-

276 1965 357 2004 tus
397 1957 711 2018 coeruleum,
749 1958 992 2019 nitidum,
1033 1958 1289 2024 glabrum,
1328 1959 1426 2006 sere
1466 1957 1625 2017 laeve,
1669 1959 1883 2022 pectoris

280 2022 515 2076 lateribus
572 2039 764 2075 tanturn
820 2046 962 2093 parce
1012 2030 1277 2093 punctatis.
1365 2028 1519 2076 Pedes
1583 2026 1888 2075 breviusculi

284 2096 462 2159 validi,
500 2097 1112 2159 coeruleo-virescentes,
1149 2101 1287 2146 tarsis
1322 2097 1539 2146 dilatatis
1564 2098 1885 2147 fusco—fer-

282 2168 541 2232 rugineis,
581 2169 758 2216 subtus
795 2167 946 2216 dense
985 2170 1284 2234 spongiosis.

285 2290 390 2341 24.
446 2285 512 2344 C.
560 2286 847 2342 lamina
895 2306 954 2362 p.
989 2287 1146 2359 478.

284 2382 390 2437 25.
442 2381 506 2436 C.
559 2380 1071 2438 Cochleariae
1121 2401 1178 2457 p.
1225 2382 1376 2456 479.

370 2474 517 2533 Var.
553 2477 625 2549 cl,
667 2476 1231 2535 virescenti-aurea
1253 2518 1268 2548 ‚
1313 2473 1680 2531 nitidissima.

374 2569 623 2636 Habitat
691 2573 755 2627 in
818 2571 1172 2647 Lapponiae
1237 2571 1612 2646 graminosi-S.
1704 2567 1889 2625 Dom.

452 2666 632 2743 Prof'.
685 2666 902 2746 Prytz.

373 2774 520 2836 Var.
553 2797 585 2831 e
599 2819 620 2846 ,
670 2774 920 2830 thorace
963 2773 1291 2849 elytrisque
1334 2771 1517 2847 nigris
1533 2813 1548 2842 ,
1598 2767 1888 2826 lateribus

455 2869 1023 2927 coerulescentibus.
1425 2917 1431 2922 .

381 2964 629 3024 Habitat
648 2985 782 3021 cum
798 2964 1122 3042 prioribus.
1142 2961 1226 3020 M
1221 2983 1309 3020 us,
1332 2961 1506 3018 Dom.
1523 2957 1888 3017 Sclziitzlzerr.

1626 3071 1656 3107 2
1673 3053 1705 3108 5
1729 3083 1765 3091 -
1785 3070 1815 3106 2
1833 3051 1887 3105 6.
