2012 3398
283 116 410 181 684
682 110 1068 192 Appendim
1111 111 1203 185 ad
1244 113 1310 173 P.
1348 113 1498 172 111.

366 267 618 330 Habitat
641 267 705 323 in
729 265 984 322 Scaniae
1005 273 1066 321 et
1089 263 1386 322 Bahusiae
1417 263 1761 340 maritimi33
1812 264 1889 322 ad

452 361 718 421 Insulam
744 359 975 436 Aspere
990 358 1286 416 Bahusiae
1325 360 1511 418 semel
1536 361 1888 416 immensam

453 457 636 533 hujus
679 456 896 512 Insecti
937 456 1174 531 copiam
1214 454 1370 527 vidi,
1431 455 1629 530 primo
1666 457 1730 515 in
1780 473 1888 511 ar-

454 552 601 629 gilla
631 549 879 607 littorali
904 549 1064 605 inter
1090 549 1323 625 plantas
1353 550 1611 606 marinas
1637 558 1890 627 reptan-

455 655 546 703 tes
565 688 581 717 ‚
629 653 686 700 et
714 645 911 700 denuo
938 663 1088 718 aqua
1114 652 1419 701 crescente
1445 647 1508 701 in
1533 647 1676 723 ipsis
1711 645 1891 702 undis

457 748 734 798 natantes
766 746 823 793 et
849 757 977 794 sese
1008 738 1373 813 copulantes.

394 838 718 891 Praecedenti
753 837 1035 898 simillima,
1075 838 1159 888 sed
1199 838 1314 904 plus
1348 836 1505 905 duplo
1541 837 1719 888 minor.
1783 834 1890 886 Ca-

288 921 383 979 put
419 922 466 963 et
502 920 746 962 antennae
776 910 911 957 utin
946 909 1118 974 priori.
1192 909 1399 958 Thorax
1435 910 1890 973 ssavo-testaceus,

287 979 484 1047 angulis
523 980 697 1029 anticis
735 980 901 1027 minus
938 977 1262 1044 prominulis3
1308 977 1522 1027 lineolae
1558 978 1725 1043 nigrae
1763 975 1890 1024 dor-

289 1050 415 1099 sales
454 1047 775 1099 obsoletiores
812 1059 859 1096 et
894 1050 1089 1114 saepius
1126 1048 1321 1109 desunt,
1361 1049 1646 1114 praesertim
1683 1049 1737 1094 in
1774 1063 1890 1095 ma-

289 1119 465 1173 sculis,
536 1116 710 1183 Elytra
763 1117 914 1184 paulo
965 1119 1119 1183 magis
1157 1135 1384 1166 convexa
1421 1135 1567 1181 quam
1614 1118 1668 1164 in
1704 1116 1889 1182 priori3

286 1188 488 1255 spinula
526 1186 680 1254 apicis
717 1189 770 1235 in
807 1186 990 1253 angulo
1028 1189 1268 1235 exteriore
1309 1185 1468 1235 multo
1507 1188 1733 1247 brevior,
1782 1186 1890 1232 mi-

289 1276 386 1308 nus
434 1269 610 1319 acuta,
671 1257 884 1322 angulus
924 1259 1124 1306 interior
1172 1269 1257 1306 aut
1304 1256 1598 1306 rotundatus
1636 1266 1721 1303 aut
1755 1255 1887 1303 sub-

286 1339 478 1391 rectus,
536 1345 639 1377 non
685 1326 1032 1393 prominulu53
1098 1339 1283 1393 puncta
1335 1328 1560 1376 striarum
1609 1326 1661 1373 in
1710 1323 1886 1389 elytris

288 1399 505 1459 minora,
568 1398 788 1445 anterius
836 1407 884 1444 et
934 1398 1128 1445 interne
1175 1408 1369 1445 tantum
1411 1398 1549 1462 nigro
1596 1393 1758 1443 colore
1793 1395 1888 1442 in-

288 1468 453 1517 ducta.
526 1469 774 1516 Tarsuum
812 1465 1003 1514 articuli
1047 1468 1186 1533 apice
1224 1467 1486 1527 infuscati,
1523 1482 1626 1514 non
1666 1464 1794 1531 nigri
1828 1473 1888 1511 ut

286 1539 342 1588 in
380 1538 560 1604 priori,
599 1555 691 1585 nec
729 1554 890 1601 genua
926 1537 1062 1601 nigra
1101 1548 1156 1584 ut
1191 1537 1245 1587 in
1282 1535 1401 1598 illm}

396 1607 519 1656 Obs.
554 1607 611 1660 In
648 1617 853 1670 utraque
881 1607 1046 1671 specie
1080 1617 1300 1658 tarsuum
1325 1616 1563 1654 structura
1599 1600 1709 1664 alia,
1738 1619 1887 1672 quam

289 1678 343 1726 in
383 1678 582 1725 caeteris
612 1676 761 1738 hujus
799 1677 986 1738 generis
1014 1677 1292 1741 speciebus,
1330 1687 1386 1723 ut
1423 1674 1709 1723 observavit
1734 1673 1883 1721 Dom.

286 1747 421 1797 Prof.
462 1745 708 1806 Dalman3
753 1745 990 1794 articulus
1038 1746 1213 1794 tertius
1251 1747 1382 1793 enim
1421 1761 1635 1810 parvus,
1688 1742 1889 1789 brevis-

290 1818 479 1876 simus,
515 1834 619 1863 non
658 1813 881 1876 bilobus,
934 1832 1024 1862 nec
1059 1816 1235 1864 subtus
1273 1816 1597 1881 spongiosus3
1647 1809 1885 1861 articulus

288 1884 628 1952 unguicularis
673 1903 699 1931 e
748 1896 917 1933 contra
963 1883 1314 1950 longissimus,
1365 1883 1589 1933 elevatus
1626 1880 1713 1930 vel
1748 1881 1887 1946 apice

287 1956 601 2009 incrassatus.
671 1955 898 2004 Vivendi
934 1956 1056 2003 ratio
1106 1956 1199 2002 sub
1237 1966 1287 2003 et
1319 1953 1372 2002 in
1410 1955 1518 2020 ipsa
1567 1969 1695 2017 aqua
1734 1951 1884 1999 etiam

289 2043 320 2076 a
358 2026 560 2076 caeteris
593 2024 836 2090 discedit,
871 2041 1020 2091 quare
1057 2025 1184 2074 forte
1217 2025 1407 2092 proprii
1444 2022 1655 2091 generis.
