2012 3398
664 166 1118 242 Coccinella.
1584 184 1706 244 199

89 312 295 365 vulae
344 322 439 362 etc,
489 328 580 378 pro
630 321 758 359 certo
808 307 1245 368 concludendum,
1309 307 1365 357 C.
1415 304 1700 355 flavila-

88 387 263 433 brem
314 400 440 431 sexu
500 379 850 430 tantummodo
915 397 945 427 a
994 379 1066 429 -Ο,
1111 376 1397 427 frontali
1450 394 1557 426 esse
1610 377 1698 425 di-

90 455 338 503 stinctam.

87 579 194 651 59.
247 576 311 632 C.
345 596 409 634 m
430 596 463 631 a
479 576 643 649 rgin
664 574 840 630 alis:
900 571 1009 627 sub
1024 603 1059 611 -—
1077 570 1558 647 hemisphaerica
1588 570 1693 625 ni—

220 690 356 746 gra,
404 671 764 746 pubes-cem,
795 669 1001 742 elytris
1030 667 1264 723 macula
1297 686 1513 740 magna
1540 665 1692 720 sub-

204 766 554 841 triangulari
628 765 810 821 rubra
842 806 859 837 ,
948 763 1235 837 angulum
1311 760 1690 817 humeralem

209 870 560 936 occupante.

161 976 219 1051 a)
275 969 466 1052 capite
521 973 904 1049 thoracisque
962 971 1193 1048 angulis
1246 972 1456 1028 anticis
1510 969 1686 1027 rufe-

249 1072 566 1130 scentibus.

149 1155 332 1261 'Payln
370 1182 474 1239 Fn.
515 1196 569 1237 2.
609 1195 665 1257 ς).
710 1174 768 1235 8.

160 1288 490 1431 (Ιοὲσὶηεῖία
514 1284 843 1427 ζῑοηῐαῖὶε,
895 1281 1058 1358 Illig.
1109 1280 1230 1340 Col.
1267 1279 1406 1337 Bor.
1454 1297 1505 1336 1.
1541 1275 1686 1356 417.

293 1415 305 1429 .
348 1392 477 1431 var.
553 1412 567 1427 .

551 1474 772 1544 morie,
813 1470 1059 1530 Sclzb'nh.
1098 1470 1225 1548 Syn.
1267 1485 1323 1526 2.
1360 1466 1500 1527 204.
1545 1488 1683 1545 177.

157 1585 302 1645 Var.
330 1582 395 1658 b,
443 1583 642 1642 fronte
671 1587 857 1659 nigra,
899 1582 1068 1638 labro
1093 1576 1388 1656 testaceo3
1432 1580 1682 1635 thorace

243 1682 416 1755 nigro
437 1723 453 1753 ,
503 1681 734 1756 angulis
801 1680 1012 1734 anticis
1073 1686 1319 1751 anguste
1370 1676 1677 1751 testaceis3

242 1774 404 1832 forte
425 1775 665 1834 femina.
743 1775 909 1850 Illig.
937 1774 1053 1833 Le.
1085 1792 1217 1829 ναν.
1245 1786 1301 1847 y.

157 1891 404 1948 Habitat
444 1893 508 1947 in
552 1890 764 1951 Svecia
803 1888 1048 1946 australi
1088 1888 1298 1945 rarius.
1375 1887 1556 1947 Dom.
1598 1884 1686 1967 de*

236 1987 525 2065 Pccykall.
1536 1999 1539 2002 ’
1653 1989 1656 1996 ’

174 2101 496 2151 Praecedenti
536 2099 739 2165 quidem
778 2098 957 2149 similis
992 2110 1041 2148 et
1078 2098 1267 2159 affinis,
1306 2095 1395 2146 sed
1429 2095 1583 2144 forma
1621 2105 1673 2142 et

72 2175 198 2223 situs
236 2170 454 2220 maculae
489 2173 660 2218 rubrae
699 2168 970 2234 elytrorum
1015 2169 1164 2217 valde
1201 2169 1431 2229 diversa,
1479 2171 1528 2213 et
1575 2164 1671 2212 hoc

68 2244 124 2291 in
161 2253 373 2307 utroque
425 2257 575 2302 sexu,
628 2258 777 2304 quare
822 2251 881 2288 ut
928 2240 1161 2288 distincta
1197 2239 1394 2304 speciest
1440 2234 1673 2284 conside-

68 2313 234 2362 randa.
324 2311 488 2377 Caput
539 2310 704 2374 quoad
750 2321 1078 2368 structuram,
1127 2319 1424 2374 puncturam
1477 2316 1527 2352 et
1560 2322 1672 2369 pu·-

67 2382 370 2430 bescentiam
405 2392 463 2427 ut
496 2381 549 2428 in
588 2380 768 2446 priori,
815 2380 869 2427 in
907 2398 933 2426 a
966 2391 1178 2428 saturate
1215 2377 1409 2436 rusum,
1461 2377 1668 2423 iuvat.

68 2453 132 2512 b,
173 2454 397 2517 nigrum,
447 2468 528 2498 ore
564 2460 671 2498 toto
712 2467 823 2497 cum
859 2447 996 2497 labro
1035 2449 1369 2511 antennisque
1417 2445 1672 2494 ruso-te-

65 2522 257 2570 staceis.
331 2520 570 2568 Thoracis
608 2520 763 2567 forma
800 2519 1002 2578 eadem,
1048 2537 1204 2583 aeque
1253 2518 1401 2565 etiam
1445 2523 1671 2581 puncta-

66 2601 150 2638 tus
190 2601 238 2637 et
273 2591 583 2655 pubescens,
637 2591 802 2655 niger,
853 2587 1047 2655 angulis
1094 2589 1270 2636 antiois
1320 2587 1375 2635 in
1413 2584 1470 2647 a,
1518 2582 1670 2631 latius

63 2661 214 2721 rufist,
252 2660 305 2707 in
343 2677 447 2709 var.
487 2661 518 2707 b
541 2695 554 2718 ,
594 2677 758 2725 margo
798 2661 991 2707 anticus
1030 2669 1079 2706 et
1108 2660 1215 2722 ejus
1250 2655 1422 2722 anguli
1457 2663 1668 2719 anguste

64 2729 381 2777 rufescentes.
453 2728 740 2792 Elytrorum
775 2728 962 2788 forma,
1012 2739 1258 2794 punctura
1293 2737 1344 2774 et
1378 2726 1668 2792 pubescen-

64 2800 134 2846 tia
172 2799 317 2845 etiam
356 2809 413 2846 ut
445 2800 499 2846 in
531 2797 644 2859 illo,
683 2798 772 2847 sed.
808 2796 1000 2845 macula
1026 2796 1296 2845 humeralis
1331 2797 1477 2843 rubra
1516 2791 1667 2842 valde

64 2884 269 2934 magna,
318 2866 576 2920 dimidiam
628 2868 726 2916 fere
778 2878 969 2932 partem
1019 2867 1254 2933 marginis
1314 2876 1551 2930 occupat,
1616 2872 1668 2909 et

64 2935 376 2985 tuberculum
412 2936 668 2986 humerale
704 2937 947 2998 includit,
986 2939 1183 2985 interne
1221 2936 1502 3000 angustior,
1537 2949 1667 2983 ver-

62 3024 149 3058 sus
200 3017 416 3060 suturam
466 3007 721 3076 producta.
807 3007 1004 3076 Corpus
1052 3008 1224 3059 subtus
1260 3007 1490 3073 nigrum,
1542 3019 1668 3119 eson-

1582 3087 1667 3119 eru
