2012 3398
722 129 1175 190 Coccinella.
1628 128 1751 190 215

230 279 374 341 Var.
427 280 496 355 h,
565 281 826 338 thoracis
885 281 1205 356 signaturis
1270 280 1757 340 obsoletioribUS.¹

308 375 475 453 Illig.
500 377 765 435 Sclionlz.
798 377 836 433 l.
864 396 911 433 c,
954 397 1086 437 ναν.
1113 394 1170 432 α.

221 491 368 552 Var.
395 511 445 561 c,
477 491 685 565 elytris
713 511 919 555 versus
951 493 1181 566 apicem
1217 491 1451 546 macula
1486 491 1746 566 oblonga

306 585 642 661 nigricante
671 587 905 644 notatis,
947 587 1113 664 Illig.
1130 586 1393 645 Sclzbnlz.
1411 586 1446 641 l.
1463 606 1511 645 c,
1533 607 1664 645 ναν.
1682 600 1742 663 7.

216 697 370 761 Var.
412 702 486 774 d,
519 709 601 774 ‘ut
643 721 765 760 var.
807 721 870 773 o,
921 702 1027 757 sed
1064 709 1379 776 praeterea
1426 702 1488 757 in
1533 701 1744 777 elytris

293 805 520 872 puncta
547 805 607 853 et
643 797 901 853 lineolae
931 798 1169 871 nigrae,
1217 797 1740 869 indeterminatae,

294 910 550 967 sparsae.
601 891 768 969 Illig.
810 891 1073 949 Sclzonlz.
1111 891 1149 948 l.
1181 911 1232 952 c,
1263 911 1396 950 ναν.
1425 883 1487 962 (5,
1515 905 1563 965 ε,
1593 881 1643 958 ζ.

212 1005 356 1066 Var.
388 1028 451 1078 e,
497 1027 680 1082 supra
717 1006 945 1078 lurida,
996 1007 1204 1081 elytris
1239 1007 1481 1081 punctis
1518 1026 1738 1067 macu-

290 1103 486 1177 lisque
513 1103 731 1179 sparsis
760 1101 957 1158 fuscis.
1000 1101 1169 1180 Illig.
1205 1122 1338 1161 ναν.
1368 1092 1428 1158 ὃ.
1468 1103 1736 1164 δοῖιόηἶι.

293 1215 429 1255 ναν.
472 1209 528 1266 η.

206 1311 457 1370 Habitat
481 1313 546 1368 in
576 1311 911 1383 arboribUS,
945 1313 1302 1387 praesertim
1326 1312 1390 1367 in
1420 1310 1736 1371 frondibus

290 1406 555 1481 Abietis,
635 1427 761 1464 non
825 1406 1213 1483 infrequen83
1271 1406 1554 1465 hibernat
1617 1409 1730 1466 sub

279 1504 501 1560 cortice
525 1511 882 1560 truncorum
909 1502 1158 1559 AbietiS.

221 1636 521 1704 Magnitudo
559 1647 610 1686 et
645 1648 832 1687 statura
870 1637 969 1686 sere
1010 1636 1064 1689 C.
1106 1637 1485 1690 mutabilis.
1561 1637 1732 1704 Caput

120 1724 361 1773 parvum,
411 1707 694 1768 deflexum,
745 1707 967 1757 obsolete
1001 1706 1382 1773 punctulatum,
1430 1718 1518 1756 aut
1564 1710 1731 1773 nigri-

119 1795 269 1839 cans,
319 1776 463 1843 plaga
513 1778 674 1824 media
726 1777 939 1844 oblonga
999 1779 1208 1839 frontis,
1273 1776 1466 1826 macula
1532 1779 1728 1827 sinuata

121 1858 237 1894 ante
274 1847 527 1912 singulum
567 1845 788 1908 oculum,
836 1849 1154 1914 margineque
1192 1845 1361 1912 clypei
1400 1848 1729 1897 flavo-albi·-

118 1917 226 1979 dis,
278 1928 364 1964 aut
400 1916 668 1981 pallidum,
717 1916 866 1965 lineis
920 1917 1109 1965 duabus
1148 1918 1285 1982 nigro
1324 1917 1471 1966 fuscis
1508 1917 1728 1982 paralel-

116 1985 182 2035 lis
218 1985 549 2048 frontalibus,
601 2005 627 2033 a
663 1989 847 2036 vertice
884 1986 945 2034 ad
983 1986 1219 2052 clypeum
1257 1986 1449 2049 ductis,
1488 1986 1726 2052 plerum-

116 2074 214 2120 que
251 2074 277 2104 e
330 2059 529 2122 punctis
566 2058 941 2120 constantibus,
996 2059 1149 2105 rarius
1184 2057 1421 2123 integris;
1476 2067 1725 2106 antennae

110 2125 359 2191 pallidae,
396 2127 534 2191 apice
569 2128 900 2177 saturatiores.
975 2126 1181 2175 Thorax
1229 2137 1573 2189 transversus,
1621 2145 1724 2176 an—

109 2197 261 2243 terius
310 2195 463 2261 paulo
513 2198 799 2262 angustior,
846 2196 945 2244 late
1000 2207 1050 2244 et
1088 2206 1162 2245 sat
1197 2196 1450 2262 profunde
1501 2199 1725 2264 emargi-

88 2276 286 2327 ,natns,
338 2265 537 2330 angulis
589 2267 804 2327 obtusis,
850 2265 1087 2314 lateribus
1132 2276 1182 2314 et
1230 2267 1422 2332 postice
1470 2268 1721 2316 sub—ro·-

109 2334 378 2397 tundatus,
415 2353 563 2400 supra
598 2354 775 2401 parum
811 2353 1099 2397 conveXUS,
1147 2334 1506 2402 punctulatus,
1556 2336 1720 2402 palli-

110 2403 204 2452 dus
249 2403 337 2453 vel
398 2406 807 2471 ssavo-griseus,
867 2406 924 2454 in
987 2406 1124 2454 disco
1187 2407 1440 2472 posterius
1499 2404 1718 2455 lineolae

111 2484 325 2538 quatuor
363 2475 565 2539 nigrae,
602 2475 923 2524 intermediae
958 2476 1247 2536 breviores,
1273 2475 1552 2540 xobliquae,
1591 2494 1716 2525 con-

110 2543 377 2604 niventes,
414 2543 641 2597 laterales
677 2545 1145 2611 perpendiculares,
1186 2563 1359 2594 omnes
1396 2546 1551 2595 rarius
1591 2565 1716 2594 con-

109 2629 296 2674 nexae,
333 2612 527 2661 literam
564 2614 622 2662 M
662 2632 891 2681 magnam
936 2614 1088 2664 simul
1124 2616 1424 2677 formantes,
1474 2613 1717 2682 plerum-

109 2700 206 2745 que
241 2700 360 2731 vero
394 2694 672 2749 separatae,
721 2703 869 2750 saepe
916 2687 1067 2733 etiam
1115 2684 1471 2747 obsoletiores,
1530 2685 1711 2737 fuscae.

106 2750 387 2800 Scutellum
439 2756 723 2815 minutum,
789 2754 1113 2822 triangulare,
1185 2755 1432 2805 concolor.
1535 2754 1712 2820 Elytra

105 2820 303 2885 ampla,
342 2833 518 2885 ovata,
552 2823 773 2872 humeris
809 2835 859 2872 et
898 2825 1037 2890 apice
1074 2825 1373 2884 rotundata,
1413 2818 1564 2891 xsupra
1598 2843 1710 2874 mo-

103 2889 212 2937 dice
248 2908 511 2953 convexa,
559 2893 847 2941 evidentius
900 2906 1163 2960 punctata,
1224 2894 1484 2943 tuberculo
1518 2894 1710 2942 hume-

102 2958 195 3009 rali
231 2959 429 3013 elevato
477 2962 728 3030 praedita,
786 2961 1080 3031 plerumque
1127 2963 1316 3033 pallide
1364 2966 1711 3028 flavescentia,

1637 3052 1695 3084 in
