2012 3398
290 160 413 225 618
689 119 1073 244 ΑῙΙψεηᾱὶατ
1111 164 1201 223 ad
1233 165 1460 226 P.III

458 313 570 372 bus
610 314 739 372 sere
788 318 962 387 totis,
1009 336 1190 393 saepe
1248 318 1430 374 etiam
1480 319 1638 376 tibiis
1694 321 1890 397 posti-

459 413 544 469 cis
574 412 799 486 nigris,

380 505 632 562 Habitat
668 525 803 562 cum
845 505 1147 580 prioribus
1179 507 1419 583 passim.

396 590 496 642 Pili
531 591 617 642 vel
654 590 943 657 squamulae
979 593 1190 657 paginae
1229 582 1496 660 superioris
1530 593 1758 654 rariores,
1806 603 1892 642 aut

289 664 542 724 cinereae,
595 673 681 710 aut
716 662 1049 723 virescentes3
1098 660 1231 710 color
1270 665 1486 729 corporis
1526 665 1678 729 magis
1720 664 1888 729 nigei-3

288 736 476 782 femora
514 733 677 780 omnia
719 730 822 778 fere
857 742 959 778 tota
997 732 1163 798 nigra,
1204 732 1452 779 interdum
1492 734 1595 780 basi
1634 735 1747 798 plus
1787 733 1890 779 mi·-

287 822 449 852 nusve
495 803 836 865 rufo—piceni,
889 800 1066 862 tibiae,
1117 804 1404 867 praesertim
1443 805 1692 869 posticae,
1741 803 1888 850 etiam

285 891 434 940 saepe
474 871 728 921 obscurius
767 872 953 936 piceae,

290 973 396 1028 52.
451 971 518 1028 C.
568 970 948 1025 Cervinus
997 990 1056 1046 p.
1092 971 1248 1026 552.
1312 969 1469 1029 Gen.
1503 970 1885 1045 Polydro-

407 1057 567 1137 s'u5‚
612 1063 876 1121 Sclzb'nh.
949 1127 951 1129 ¹
1601 1052 1622 1065 ⁸

287 1164 393 1221 55.
439 1162 506 1219 C.
559 1159 943 1232 oblongus
987 1179 1045 1235 p.
1092 1157 1250 1221 554.
1363 1157 1516 1216 Gen.
1558 1158 1887 1235 Phyllo-

407 1257 612 1327 hius,
663 1252 929 1312 Sclziinlz.

644 1382 839 1433 HYL
871 1381 1232 1434 ESINUS
1301 1404 1355 1452 p.
1393 1386 1512 1436 335.

332 1527 344 1539 .
383 1479 463 1536 H.
505 1477 952 1552 ligniperda
1002 1498 1061 1553 p.
1105 1477 1257 1534 555.

333 1621 345 1633 .
387 1575 464 1631 Η.
503 1573 931 1649 Piniperda
974 1594 1030 1648 p.
1072 1573 1225 1648 557.

332 1717 344 1729 .
387 1670 467 1726 H.
516 1676 894 1725 crenatus
947 1688 1004 1743 p.
1040 1668 1192 1742 559.

331 1812 343 1823 .
389 1765 469 1821 H.
519 1763 896 1839 palliatus
945 1784 1000 1837 p.
1033 1764 1188 1822 340.

364 1855 666 1931 Hylurgzcs
695 1853 1018 1929 palliatam,
1057 1850 1196 1925 Dej.
1242 1849 1365 1907 Cat.
1401 1871 1460 1929 p.
1509 1870 1642 1907 100.

283 1949 342 2004 5.
382 1945 464 2001 H.
515 1952 979 2018 angustatus
1033 1962 1085 2017 p.
1122 1945 1278 2000 542.

365 2036 666 2112 Hylzcrgzcs
705 2052 954 2115 opacus,
1005 2034 1268 2105 Ziegler.
1310 2029 1448 2103 Dej.
1479 2030 1601 2086 Cat.
1645 2049 1706 2105 p.
1745 2047 1878 2085 100.

449 2120 522 2175 ab
552 2121 678 2194 ipso
709 2118 958 2185 Comite,
999 2120 1060 2174 in
1092 2116 1302 2173 litteris
1328 2117 1412 2172 ita
1439 2115 1793 2190 designatus.

284 2213 341 2271 6.
391 2209 473 2267 H.
527 2218 696 2263 ater
741 2229 795 2282 p.
832 2208 984 2263 543.

360 2299 661 2374 Hvlurgus
693 2310 848 2367 ater,
891 2295 1028 2369 Dej.
1070 2296 1193 2352 Cat.
1226 2314 1289 2371 p.
1337 2311 1470 2349 100.

381 2381 502 2429 Obs.
551 2381 606 2427 ln
646 2379 810 2427 medio
849 2377 1059 2427 thoracis
1101 2377 1233 2426 linea
1271 2387 1502 2440 angusta,
1549 2372 1734 2435 laevis,
1785 2391 1877 2420 ca·-

276 2449 487 2501 rinulam
528 2450 803 2508 mentiens,
840 2467 986 2514 saepe
1026 2449 1329 2506 observatur,
1368 2447 1575 2492 minime
1612 2462 1730 2492 vero
1767 2443 1877 2490 ele-

277 2534 406 2572 vata.
480 2519 674 2567 Statura
727 2516 885 2566 multo
934 2520 1143 2580 majore,
1202 2516 1457 2581 longiore,
1508 2514 1703 2562 thorace
1749 2531 1875 2577 pro-

277 2591 485 2641 sandius
526 2599 764 2653 punctato
803 2600 923 2648 etc.,
962 2606 988 2634 a
1028 2588 1174 2652 priori
1206 2598 1374 2650 Jamen
1417 2583 1560 2631 facile
1598 2583 1873 2648 distingui—

279 2675 374 2711 tur.
450 2659 656 2706 Thorax
692 2656 839 2705 solito
879 2657 931 2704 in
972 2658 1135 2706 medio
1174 2653 1409 2704 nonnihil
1446 2653 1738 2718 ampliatus,
1777 2670 1869 2699 su-

278 2750 362 2799 pra
410 2728 768 2776 confertissime
818 2739 1117 2791 punctatus‚
1179 2726 1311 2774 unde
1356 2725 1617 2772 interstitia
1666 2732 1873 2786 angusta

276 2798 474 2866 rugulas
513 2796 783 2845 retiformes
818 2797 1034 2844 formant
1069 2807 1120 2844 et
1156 2796 1291 2844 color
1326 2795 1443 2841 inde
1483 2793 1635 2857 magis
1673 2807 1871 2857 opacus.

278 2870 560 2918 Occurrunt
607 2868 751 2913 etiam
797 2866 1088 2926 individua,
1146 2867 1200 2914 in
1252 2866 1433 2929 quibus
1497 2862 1671 2911 thorax
1721 2859 1870 2926 paulo

275 2940 508 3003 longior,
569 2936 822 3000 angustior
874 2947 924 2983 et
975 2936 1128 3001 magis
1179 2933 1481 2993 cylindricus
1530 2932 1762 2989 videtur,
1823 2940 1874 2976 et

277 3004 519 3077 punctura
571 3007 735 3054 minus
783 3006 975 3067 crebra,
1020 3004 1156 3054 unde
1195 3003 1457 3053 interstitia
1507 3000 1704 3063 latiora,
1758 3015 1874 3046 ma-

1802 3067 1877 3134 gis

286 1502 322 1825 &blm-¹
