2012 3398
277 109 404 191 '266
722 132 1109 209 Appendiae
1152 134 1244 192 acl
1281 137 1348 194 P.
1389 139 1443 194 I.

280 281 501 332 remota,
554 283 604 322 et
648 275 842 339 postice
888 278 1005 324 stria
1052 278 1265 345 apicem3
1312 280 1516 346 cingens
1577 280 1893 346 aliquantum

279 341 530 403 ascendit,
587 354 753 392 sutura
806 347 1026 411 propior.
1106 347 1301 414 Corpus
1354 353 1530 399 subtus
1571 353 1798 416 nigrum,
1836 354 1891 400 in

280 411 447 459 medio
508 412 686 474 laeve,
745 415 997 478 nitidum,
1053 415 1293 467 lateribus
1339 431 1654 484 punctatum.
1729 421 1890 470 Pedes

278 480 439 530 validi
477 484 635 548 nigri,
673 484 944 534 femoribus
982 505 1126 551 parce
1166 489 1473 552 punctulatis
1511 491 1715 552 nitidis,
1754 492 1890 540 tibiis

280 553 457 600 anticis
518 552 765 616 dilatatis,
833 566 1043 604 externe
1104 556 1372 607 denticulis
1429 562 1458 608 8
1508 559 1543 608 l.
1597 576 1658 609 10
1717 563 1890 625 parvis

280 633 495 670 armatis.

289 764 389 820 17.
436 744 517 802 H.
566 747 958 803 nitidulus
1006 767 1062 824 p.
1095 749 1200 807 88.
1251 750 1450 829 Pctyk.
1498 750 1670 809 Mon.
1714 751 1886 809 Hist.

401 842 508 897 58.
540 843 644 897 45.
683 841 827 898 Tab.
860 843 1003 919 5.f.
1038 845 1097 898 5.

390 940 515 993 Obs.
566 942 720 993 Dom.
759 942 820 991 de
857 941 1078 1007 Paykull
1111 942 1144 991 l.
1184 962 1241 1005 c.,
1276 955 1334 992 ut
1370 943 1657 992 varietatem
1693 946 1760 995 H.
1794 946 1889 993 ni·-

277 1011 491 1060 tiduli
541 1014 690 1060 etiam
740 1025 977 1062 memorat
1027 1014 1274 1062 Insectum
1326 1013 1655 1062 Erasilianum
1720 1034 1748 1062 a
1807 1033 1884 1062 me

278 1083 734 1144 communicatum,
787 1084 868 1131 cui
921 1082 1193 1147 elytrorum
1247 1096 1349 1133 tota
1407 1086 1688 1148 superficies
1742 1104 1887 1150 pun-

279 1164 438 1214 ctata,
491 1154 721 1218 quamvis
757 1154 810 1200 in
851 1152 994 1218 plaga
1034 1153 1280 1203 scutellari
1319 1153 1569 1202 subtilius.
1645 1156 1755 1203 Hoc
1791 1155 1887 1202 In·-

278 1235 468 1272 sectum
519 1241 636 1272 vere
685 1224 976 1271 distinctum
1031 1227 1242 1288 opin0r3
1295 1223 1426 1272 ultra
1474 1234 1674 1271 centum
1712 1226 1886 1289 speci—

277 1294 413 1341 mina
451 1294 515 1341 H.
554 1292 841 1341 nitiduli
878 1292 1122 1355 lustravi,
1172 1294 1259 1343 sed
1298 1312 1358 1342 ne
1399 1294 1663 1341 minimum
1716 1296 1887 1342 vesti-

275 1364 417 1429 gium
455 1361 569 1412 talis
609 1374 884 1428 puncturae
919 1364 973 1412 in
1010 1362 1180 1430 aliquo
1237 1365 1381 1426 vidi,
1435 1374 1633 1412 exstant
1683 1382 1885 1429 quoque

275 1433 400 1482 aliae
436 1433 764 1484 differentiae.

284 1576 305 1613 1
330 1578 361 1632 7
385 1589 425 1598 -
449 1577 471 1611 1
493 1559 547 1612 8.
586 1556 668 1614 Η.
711 1557 1177 1614 immundus:
1227 1555 1884 1630 nigro—sub—aeneuS,

397 1652 1215 1727 confertissime,punctatus,
1258 1652 1519 1708 thoracis
1553 1653 1714 1707 disco
1742 1652 1882 1724 ely-

388 1757 742 1823 trorumque
802 1748 1036 1804 macula
1091 1748 1340 1822 sesqui-
1360 1748 1545 1802 altera
1592 1748 1881 1802 interiore

396 1844 768 1914 laevissima,
815 1844 955 1898 stria
988 1852 1231 1898 arcuata
1263 1844 1447 1900 divisa
1467 1885 1482 1912 ‚
1533 1862 1670 1897 oum
1700 1850 1881 1897 sutu-

394 1940 640 1995 ralinon
661 1959 953 2009 connexa,
984 1938 1142 1994 tibiis
1156 1939 1363 1994 anticis
1393 1938 1881 2015 quadridentatis.

354 2027 532 2086 Dom.
570 2029 861 2105 Sclzz'ippel
902 2028 962 2085 in
1002 2029 1111 2085 litt.

352 2117 604 2176 Habitat
631 2121 693 2175 in
718 2120 1078 2174 Hallandiae
1107 2118 1372 2172 arenosis
1390 2158 1405 2189 ,
1451 2116 1768 2172 rarissime.

375 2219 442 2270 H.
482 2237 682 2268 aeneo
723 2218 1009 2268 simillimus
1042 2216 1388 2283 magnitudine
1439 2227 1490 2264 et
1527 2227 1741 2274 statura,
1794 2214 1882 2262 sed.

271 2288 433 2338 multo
482 2291 659 2338 fortius
713 2301 762 2337 et
814 2289 1085 2337 confertius
1137 2298 1434 2352 punctatus,
1496 2288 1644 2334 tibiae
1717 2286 1880 2332 antice

272 2370 466 2408 tantum
530 2358 894 2419 4—dentatae,
961 2369 1010 2406 et
1060 2358 1178 2405 stria
1226 2356 1459 2405 suturalis
1512 2356 1731 2403 minime.
1769 2373 1883 2402 cum

273 2431 390 2479 stria
429 2430 656 2496 proxima
707 2427 890 2478 dorsali
928 2429 1207 2490 conjuncta.
1295 2427 1459 2491 Caput
1507 2425 1761 2473 deflexum
1800 2424 1882 2471 ni·—

268 2517 445 2564 gmm,
500 2499 760 2547 confertim
809 2498 1065 2547 subtiliter
1114 2496 1498 2562 punctulatum,
1550 2506 1879 2542 antennarum

270 2568 413 2617 clava
474 2569 624 2617 fusca.
713 2569 920 2617 Thorax
979 2568 1141 2615 amice
1203 2568 1459 2633 angustior
1530 2565 1880 2629 emarginatus,

268 2639 377 2686 basi
415 2639 877 2699 sub—bisinuatus‚
916 2656 1064 2704 supra
1098 2637 1292 2685 modice
1330 2653 1609 2694 convexus,
1645 2634 1879 2681 lateribus

265 2707 398 2769 late,
460 2709 622 2756 antice
673 2720 722 2756 et
773 2710 968 2774 postice
1016 2725 1138 2757 vero
1189 2716 1393 2772 anguste
1450 2705 1877 2772 punctatissimus,

267 2780 438 2844 niger,
491 2778 628 2826 disco
692 2778 1020 2838 laevissimo,
1087 2777 1420 2835 nitidissimo,
1500 2773 1879 2836 aeneo-nigro.

269 2845 552 2896 Scutellum
594 2848 860 2895 minimum
897 2846 1216 2912 triangulare.
1290 2844 1465 2908 Elytra
1507 2844 1667 2891 antice
1708 2841 1881 2889 latitu-

271 2918 391 2966 dine
440 2919 615 2967 baseos
664 2917 910 2977 thoracis,
973 2934 1105 2982 pone
1153 2915 1293 2978 basin
1343 2910 1878 2968 rotundato-dilatata,

271 2987 386 3038 dein
423 3006 556 3057 pone
597 2986 820 3038 medium
859 2987 1180 3054 angustiora,
1216 2985 1354 3052 apice
1393 2994 1644 3045 truncata,
1681 2981 1879 3056 tlioraee

1784 3064 1878 3098 vix
