2012 3398
303 151 426 213 286
732 153 1133 238 Appendz‘ae
1181 153 1272 212 ad
1305 155 1377 213 P.
1420 156 1473 213 I.

469 317 704 365 trorum
732 316 939 366 sutura
982 309 1371 384 margineque
1405 306 1639 364 laterali
1680 305 1906 382 nigro-

471 403 670 460 fuscis.

406 490 530 541 Obs.
582 491 808 538 Thorace
852 489 1114 545 breviore,
1162 487 1354 554 postice
1405 497 1697 554 angustato,
1743 489 1906 537 utrin—

304 579 403 626 que
441 561 730 620 bidentum,
767 559 918 607 dente
958 557 1130 624 anguli
1163 559 1315 605 antici
1351 558 1584 622 obliquo,
1635 559 1805 618 brevi,
1857 569 1909 606 et

303 632 627 697 pubescentia
666 630 895 679 breviore
933 628 1192 695 depressa,
1241 629 1363 676 haec
1399 628 1589 695 species
1638 629 1699 676 ab
1742 629 1909 677 affini-

305 703 401 750 bus
437 701 773 768 distinguitur.
891 709 893 711 ’

307 819 408 884 4-
428 821 487 876 5.
539 819 604 877 C.
646 819 699 875 L
718 839 750 874 a
769 819 1000 894 pponi
1022 837 1179 874 cus:
1234 816 1770 891 oblongo-ovatus
1803 816 1908 875 fu-

410 913 1007 989 sco—ferrugineus,
1058 912 1375 969 confertim
1404 912 1699 969 subtiliter
1739 933 1907 989 pun-

429 1019 618 1067 ctatus
635 1053 650 1081 ,
701 1009 1035 1085 pubescens
1051 1051 1065 1080 ,
1112 1009 1385 1064 antennis
1417 1007 1698 1065 brevibus
1737 1028 1908 1065 cras-

432 1108 510 1162 sis
528 1148 544 1177 ,
590 1106 758 1161 clava
781 1124 1011 1180 magna.
1075 1102 1356 1159 Thorace
1397 1110 1734 1159 transverso
1748 1146 1765 1178 ,
1810 1104 1909 1160 la-

430 1201 658 1258 teribus
689 1200 911 1256 calloso
929 1232 958 1240 —
982 1199 1226 1255 reflexis
1253 1199 1363 1255 sub
1382 1199 1696 1274 —integris

391 1316 642 1374 Habitat
696 1317 760 1371 in
812 1314 1130 1390 Lapponia
1179 1315 1253 1370 ad
1323 1313 1628 1383 Biorkvik.
1723 1314 1908 1373 Dom.

479 1414 658 1490 Prof.
700 1411 1096 1468 Zetlersteclt.

410 1519 738 1588 Magnitudo,
786 1528 995 1578 statura,
1040 1526 1287 1582 punctura
1337 1526 1389 1564 et
1436 1515 1760 1582 pubescentia
1809 1514 1911 1564 fere

309 1604 369 1643 ut
405 1594 460 1641 in
498 1593 554 1642 C.
593 1588 869 1646 cellari,
909 1588 997 1636 sed
1032 1588 1243 1635 thoracis
1281 1585 1516 1634 lateribus
1554 1584 1789 1647 reflexis}
1828 1604 1913 1634 ro-

308 1662 548 1720 tundatis,
585 1658 943 1725 sub—integris
982 1668 1031 1705 et
1067 1668 1393 1704 antennarum
1429 1655 1570 1704 clava
1607 1654 1764 1703 multo
1796 1672 1913 1703 ma-

309 1735 444 1798 jore,
493 1733 552 1779 ab
589 1729 679 1779 illo
730 1740 780 1777 et
816 1729 1095 1775 confinibus
1149 1729 1415 1792 praecipue
1465 1726 1746 1775 distinctus,
1813 1724 1911 1773 Ca·-

311 1815 406 1870 put
441 1797 882 1864 sub—triangulare
921 1798 1288 1863 ferrugineum,
1339 1796 1601 1844 confertim
1638 1793 1911 1860 punctula-

311 1887 449 1935 tum,
482 1873 793 1940 pubescens,
841 1866 998 1916 oculis
1050 1865 1348 1932 prominulis
1400 1866 1569 1932 nigris.
1644 1866 1912 1913 Antennae

311 1940 684 2000 breviusculae,
740 1956 953 1998 crassae,
1003 1937 1191 1985 inferne
1239 1939 1521 1996 brunneae,
1575 1933 1713 1984 clava
1751 1934 1915 2001 palli—

314 2015 467 2078 diori3
519 2011 736 2060 articulis
783 2010 1017 2058 omnibus
1052 2019 1109 2056 ut
1159 2008 1213 2055 in
1256 2006 1342 2056 Cr.
1382 2005 1622 2054 cellari
1675 2015 1915 2053 construe-

315 2087 436 2147 ctis;
473 2083 559 2132 sed
596 2080 738 2129 clava
774 2080 936 2127 adhuc
976 2079 1161 2141 major,
1199 2077 1415 2125 crassior.
1487 2075 1691 2122 Thorax
1728 2074 1913 2134 brevis,

313 2167 653 2213 transversu3‚
701 2150 861 2197 antice
898 2150 1188 2214 posticeque
1225 2157 1502 2206 truncatus,
1551 2143 1786 2192 lateribus
1823 2160 1917 2191 ro—

316 2224 582 2283 tundatus,
620 2221 841 2286 margine
879 2218 1106 2280 elevato,
1142 2218 1358 2276 reflexo,
1395 2216 1493 2263 fere
1531 2216 1737 2264 omnino
1774 2214 1918 2261 inte-

316 2313 435 2363 gro,
484 2293 546 2340 ad
594 2290 834 2356 angulum
896 2290 1116 2337 anticum
1164 2286 1425 2346 crassiore,
1482 2283 1700 2348 calloso3
1765 2300 1917 2349 supra

318 2380 610 2422 convexus,
659 2359 921 2409 confertim
962 2356 1212 2406 subtiliter
1248 2354 1604 2421 punctulatus,
1664 2355 1800 2420 pube
1837 2354 1910 2400 ci-

316 2452 466 2484 nerea
512 2433 740 2498 depressa
788 2428 1081 2495 adspersus,
1137 2437 1273 2475 totus
1326 2427 1530 2474 obscure
1593 2424 1916 2489 lerrugineus.

319 2503 600 2554 Scutellum
635 2503 789 2549 breve
819 2498 972 2547 latum
1001 2508 1337 2546 transversum
1366 2493 1615 2556 concolor,
1654 2496 1747 2542 vix
1774 2510 1919 2559 pun-

319 2573 578 2623 ctulatum.
650 2569 820 2635 Elytra
858 2570 1017 2616 antice
1056 2566 1324 2614 latitudine
1362 2564 1607 2624 thoracis,
1646 2563 1793 2628 eique
1829 2580 1917 2610 ar·-

319 2656 395 2694 cte
432 2642 698 2709 applicata,
738 2638 824 2688 sed
861 2637 951 2687 illo
990 2635 1266 2702 quadruplo
1304 2634 1545 2701 longiora,
1579 2651 1758 2682 versus
1794 2632 1919 2698 api-

320 2733 427 2762 cem
467 2713 770 2779 angustiora,
807 2709 946 2774 apice
981 2706 1273 2766 rotundata,
1311 2722 1457 2770 supra
1493 2721 1750 2762 convexa,
1790 2718 1922 2750 con-

320 2785 485 2832 fertim
528 2781 775 2830 subtiliter
821 2776 1141 2844 punctulata,
1189 2777 1321 2840 pube
1361 2775 1690 2822 decumbente
1728 2769 1920 2821 cinerea

321 2853 480 2902 nitida
518 2851 775 2916 adspersa,
810 2859 913 2896 tota
953 2845 1445 2909 fusco-ferruginea.
1509 2843 1702 2909 Corpus
1748 2842 1923 2890 subtus

321 2922 562 2989 pallidius
608 2920 973 2985 ferrugineum,
1047 2917 1202 2983 magis
1251 2914 1499 2974 nitidum,
1570 2923 1769 2979 pectore
1807 2910 1921 2958 evi-

323 2994 555 3057 dentius,
590 3000 769 3041 ventre
805 2985 1126 3038 subtilissime
1162 2982 1498 3052 punctulatis,
1552 2991 1921 3049 segmentorum

1785 3065 1922 3097 mar-
