2012 3398
296 137 412 213 16ss
462 229 467 233 ,
861 131 1318 195 Coccinella.

461 288 647 343 terius
689 308 828 344 cum
870 283 1120 344 centrali
1162 279 1505 342 connatum.
1567 277 1730 362 Illig.
1770 284 1808 340 l.
1843 301 1895 340 c.

466 381 575 439 sub
603 403 734 442 ναν.
764 397 823 438 π.
897 380 1158 439 δὀἢόηἶι.
1184 380 1220 436 l.
1253 398 1301 435 c,
1342 398 1473 438 ναν.
1502 399 1557 457 ρ.

383 496 528 556 Var.
559 520 620 571 e,
671 498 862 572 elytra
890 495 1129 570 punctis
1159 493 1349 550 tribus
1377 496 1440 550 in
1465 492 1665 549 medio
1693 502 1897 548 trans—

472 594 693 651 versim
722 592 950 667 positis,
981 589 1231 646 centrali
1262 588 1507 664 majore.
1572 587 1738 667 Illig.
1767 608 1898 648 ναν.

473 707 527 744 ο.
573 685 834 744 Sclz'dnlz.
865 704 997 743 ναν.
1019 707 1082 745 π.

387 802 627 878 Vanf,
669 799 915 856 omniuo
953 808 1021 855 ut
1062 818 1182 856 van
1221 818 1287 870 e,
1333 795 1437 853 sed
1474 805 1696 874 puncta
1737 797 1903 853 inte—

471 897 638 953 riora
665 901 922 952 connata
948 903 1013 950 ut
1038 895 1104 951 in
1138 913 1259 953 var.
1289 894 1347 948 d.

391 1011 545 1070 Van'
567 1033 650 1090 g,
699 1007 924 1087 puncto
965 1007 1215 1064 centrali
1244 1006 1511 1079 dilatam,
1562 1025 1698 1063 cum
1738 1025 1905 1082 pun—

473 1115 569 1163 cto
593 1106 888 1162 ‘interiore
915 1110 1172 1161 connato
1215 1110 1273 1158 et
1316 1112 1654 1159 antrorsum
1692 1121 1905 1158 ramu—

475 1204 602 1259 lum
645 1201 981 1258 difformem
1011 1206 1342 1253 exserente.

400 1319 538 1379 Var.
568 1318 640 1389 h,
688 1315 925 1392 punctis
955 1312 1186 1369 duobus
1223 1310 1605 1368 interioribus
1634 1311 1909 1382 dilatatis,

478 1408 544 1471 iu
568 1409 1244 1469 fasciam'abbreviatam
1283 1401 1754 1480 confluentibu'5‚
1796 1406 1911 1460 ad·-

395 1547 398 1550 »
479 1509 636 1585 jecto
663 1507 960 1563 exteriore
990 1522 1211 1579 parv0,
1257 1501 1466 1557 libero,

397 1624 541 1685 Var.
574 1624 627 1696 i,
670 1628 894 1698 puncta
921 1618 1072 1674 haec
1110 1617 1222 1673 tria
1244 1618 1308 1673 in
1344 1615 1590 1671 fasciam
1632 1614 1913 1688 utrinque

487 1724 858 1776 attenuatam
898 1712 1277 1770 confluentia.
1361 1709 1620 1770 Herbst.
1682 1728 1814 1768 var.
1858 1726 1916 1765 4.

464 1812 746 1872 -Sclz'dnla
777 1829 909 1868 ναν.
945 1827 996 1867 ο.

405 1930 548 1992 Var.
575 1928 647 1997 k,
692 1925 875 1982 fascia
905 1924 1114 1980 eadem
1141 1921 1338 1987 latior,
1385 1919 1667 1993 utrinque
1695 1918 1918 1972 abbre-

489 2026 678 2094 viata,
726 2021 790 2076 in
818 2021 1016 2075 medio
1057 2017 1356 2074 ramulum
1398 2013 1637 2089 oblique
1676 2014 1921 2069 autror-

490 2137 624 2177 sum
661 2117 954 2172 emittens,
1007 2111 1273 2174 Schb'nh.
1306 2129 1439 2167 ναν.
1472 2109 1520 2176 ξ.

403 2236 546 2296 Var.
596 2230 657 2302 l,
721 2229 980 2286 thoracis
1039 2225 1325 2282 lateribus
1393 2206 1640 2298 anguste
1697 2220 1925 2289 albidis,

490 2327 696 2401 elytris
750 2324 981 2395 rubris,
1056 2321 1239 2377 fascia
1299 2319 1496 2375 media
1561 2317 1688 2373 sere
1763 2316 1929 2370 inte—

490 2441 598 2499 gra
643 2420 975 2495 umbraque
1028 2416 1259 2493 postica
1312 2416 1561 2471 sinuata.
1665 2407 1929 2468 Schb‘nh.

505 2535 638 2576 ναν.
675 2537 732 2577 ν.

410 2631 472 2690 V
475 2649 558 2687 ar.
599 2649 691 2701 m,
742 2606 962 2683 thorax
1004 2632 1071 2681 ut
1109 2625 1174 2680 in
1209 2642 1330 2682 var.
1376 2623 1403 2678 Z
1409 2644 1432 2694 ,-
1494 2619 1687 2695 elytra
1736 2617 1933 2673 antice

414 2709 419 2714 ’
502 2720 1288 2790 dimidiato-rubricantia‚
1348 2715 1560 2771 umbra
1601 2711 1934 2787 longitudi-

502 2818 659 2889 nali,
721 2818 1026 2873 interdum
1065 2815 1247 2869 etiam
1294 2810 1582 2880 suturali3
1642 2806 1937 2883 posterius

508 2914 892 2988 nigricantia,
939 2909 1175 2969 macula
1211 2909 1382 2986 juxta
1411 2914 1681 2963 suturam
1710 2898 1940 2972 margi-

1745 3009 1943 3070 neque
