2012 3398
736 125 1176 183 Latriclich.
1661 128 1776 188 1ῦό

160 269 303 335 apice
353 267 530 317 obtuse
563 266 860 329 rotundata,
911 288 1060 336 supra
1099 284 1359 325 convexa,
1409 270 1770 336 striato-pun·-

158 350 316 400 ctata,
364 337 685 388 transversim
724 337 986 405 rugulosa,
1034 339 1154 406 pilis
1202 340 1510 388 brevissimis
1565 342 1772 390 cinereis

155 408 442 470 reclinatis,
482 409 696 458 seriatim
735 408 1025 474 dispositis,
1084 421 1273 459 ornata.
1365 409 1556 475 Corpus
1592 413 1771 459 subtus

154 480 555 544 nigro-piceum
626 478 876 542 nitidum,
953 497 1098 547 parce
1158 478 1530 545 puuctulatum.
1596 481 1769 530 'Pedes

153 551 249 597 toti
283 548 472 616 pallide
510 549 727 599 testacei.

161 730 185 767 1
210 730 261 767 1.
317 707 388 767 L.
448 710 1054 769 transversalis:
1116 709 1314 770 brevis
1340 755 1356 785 ,
1435 733 1764 788 convexus,

275 805 895 881 fusco—ferrugineus
913 850 928 879 ,
979 806 1226 863 thorace
1268 810 1497 883 postico
1537 819 1761 867 rotun-

276 904 433 974 dato,
474 903 649 961 fovea
674 913 855 976 recta,
901 914 1242 960 transversa
1268 906 1581 982 inipre580‚
1620 906 1760 981 ely—

267 1001 374 1053 tris
402 1000 649 1070 micatis,
700 998 1210 1074 seriam-pilosis,

229 1107 404 1164 Dom.
452 1108 743 1186 Sclzilppel
784 1110 846 1166 in
889 1110 1118 1166 litteris,

227 1219 477 1276 Habitat
530 1221 643 1277 sub
694 1222 918 1278 cortice
978 1220 1264 1277 arborum
1324 1230 1757 1298 emortuarum,

298 1316 525 1372 Tarius,

248 1443 568 1493 praecedenti
605 1442 756 1493 valde
792 1443 970 1494 similis
1008 1456 1059 1494 et
1094 1445 1285 1515 affinis,
1323 1445 1411 1495 sed
1448 1444 1602 1513 paulo
1639 1465 1756 1496 rna-

142 1517 250 1580 jor,
301 1515 447 1563 fovea
502 1513 711 1563 thoracis
762 1525 1071 1576 transversa,
1137 1527 1297 1577 recta,
1364 1527 1415 1564 et
1481 1516 1754 1581 elytrorum

143 1584 395 1650 sculptura
435 1582 544 1634 alia.
620 1585 806 1650 Caput,
847 1585 1006 1647 oculi,
1049 1596 1321 1648 antennae,
1360 1590 1567 1635 omnino
1606 1600 1663 1636 ut
1696 1591 1752 1639 in

141 1656 316 1721 priori.
389 1654 593 1702 Thorax
630 1653 945 1718 longitudine
982 1674 1158 1722 parurn
1197 1655 1367 1718 latior,
1410 1657 1608 1723 angulis
1645 1678 1753 1724 po-

142 1727 280 1773 sticis
326 1724 635 1784 rotundatis,
684 1743 831 1789 supra
883 1727 1042 1773 antice
1091 1744 1378 1788 convexus,
1427 1728 1555 1775 intra
1608 1729 1752 1778 basin

141 1793 359 1844 soveolis
396 1793 588 1841 duabus
623 1795 944 1856 transversis,
984 1796 1082 1844 sere
1119 1797 1280 1857 rectis,
1316 1800 1368 1845 in
1413 1798 1579 1846 medio
1618 1818 1753 1847 con-

144 1865 319 1926 nexis,
369 1864 670 1929 impressus;
708 1866 908 1929 piceus,
948 1877 1101 1914 tenue
1140 1867 1464 1931 punctulatus
1500 1879 1548 1916 et
1576 1870 1752 1934 pube-

139 1952 299 1984 scens.
374 1931 654 1981 Scutellum
707 1945 765 1981 ut
812 1935 864 1981 in
915 1936 1182 1999 prioribus.
1255 1937 1544 2001 Elytrorum
1594 1939 1751 1988 forma

139 2004 311 2052 eadem
364 2021 418 2050 ac
461 2004 514 2050 in
571 2004 750 2067 priori,
807 2022 955 2069 supra
1001 2023 1257 2068 convexa,
1319 2007 1528 2057 dilutius
1573 2008 1750 2058 fusco-

139 2074 445 2140 ferruginea,
502 2071 621 2138 pilis
660 2074 847 2121 seriatis
899 2075 1161 2140 adspersa3
1218 2077 1484 2126 interstitia
1521 2081 1748 2127 striarum

140 2146 333 2204 omnia,
388 2159 414 2205 7
464 2142 619 2191 xre-»18
659 2144 712 2190 in
758 2143 954 2209 singulo
1007 2144 1196 2209 elytro,
1249 2146 1468 2208 elevata,
1519 2161 1747 2214 angusta,

137 2213 328 2281 rugulis
368 2214 544 2262 crebris
579 2215 875 2263 transversis
911 2226 1092 2266 texata.
1167 2216 1365 2285 Corpus
1414 2229 1463 2267 et
1498 2219 1654 2285 pedes
1690 2231 1749 2268 ut

134 2284 188 2332 in
226 2285 393 2351 priori.

144 2451 171 2488 1
189 2449 246 2487 2.
293 2429 366 2487 L.
414 2429 493 2486 fu
512 2450 538 2487 s
558 2452 588 2487 c
604 2432 806 2490 ulus:
858 2432 1056 2493 brevis
1078 2476 1093 2507 ,
1144 2454 1453 2494 convexus
1472 2479 1488 2510 ,
1531 2435 1744 2495 susco-

249 2526 662 2601 ferrugineus,
703 2528 1060 2604 pubescens,
1110 2529 1359 2588 thorace
1395 2541 1742 2590 transverso

257 2623 648 2696 acutangulo‚
697 2625 804 2680 uni
822 2655 857 2666 ·—
873 2623 1174 2683 foveolato
1192 2669 1208 2699 ‚
1255 2627 1464 2704 elytris
1495 2630 1741 2686 striato-

249 2720 548 2792 punctatis
569 2760 585 2790 ,
633 2720 962 2776 interstitiis
1010 2721 1272 2780 elevatis,

212 2824 387 2882 Dom..
426 2827 686 2902 Megerle
727 2848 846 2885 von
881 2831 1179 2911 Miilzlseld
1212 2833 1274 2891 ἱη
1315 2833 1543 2892 litteris.

211 2929 277 2987 L.
323 2933 638 3007 angulatas
672 2935 818 2992 mihi
858 2919 1013 2994 olim}

1535 3025 1737 3083 Habi-
