2012 3398
304 171 431 238 656
708 177 1094 256 Α]ι[)σηᾱί;ε
1134 178 1223 236 acl
1261 179 1326 237 P.
1366 183 1508 254 ΙΙΙ.

305 334 358 373 et
404 319 675 388 elytrorum
738 322 886 372 striae
941 320 1226 373 evidentius
1289 334 1586 391 punctatae,
1646 341 1793 389 quam
1856 325 1910 372 in

269 402 280 413 '
307 403 565 459 sequente.

312 503 369 555 4.
402 499 466 554 C.
513 499 1035 574 deplanatum:
1089 497 1291 566 breve,
1334 496 1764 572 ferrugineum,
1809 499 1913 554 ni·-

424 596 634 664 tidum,
675 595 964 669 glabrum,
994 610 1175 666 supra
1201 592 1326 648 sere
1355 592 1628 668 planum,
1666 593 1910 649 thorace

423 699 634 745 exacte
680 690 1001 764 quadram,
1047 687 1344 761 profunde
1395 697 1716 762 punctam,
1770 689 1906 764 ely-0

424 793 655 840 trorum
687 786 842 838 striis
875 782 1141 837 obsolete
1173 784 1489 857 punctalis.

390 879 641 935 Habitat
692 879 801 934 sub
848 877 1072 933 cortice
1131 881 1415 932 arborum
1479 885 1907 951 emortuarum,

473 976 824 1050 praesertim
857 973 1106 1045 Populi,
1148 974 1342 1027 minus
1371 971 1670 1046 frequens,

411 1060 766 1119 praecedenti,
822 1061 1102 1124 praesertim
1146 1060 1251 1120 ejus
1298 1077 1399 1106 var.
1451 1060 1512 1119 b,
1569 1057 1907 1121 simillimumg

306 1130 500 1179 differre
541 1143 704 1178 tamen
743 1131 972 1187 videtur,
1025 1139 1206 1176 statura
1244 1127 1402 1176 multo
1455 1131 1609 1194 magis
1658 1128 1906 1193 depressa,

302 1201 499 1251 thorace
537 1200 790 1266 longiore,
831 1197 1066 1263 quadrato
1107 1209 1201 1248 etc.
1276 1198 1438 1264 Caput
1484 1209 1532 1246 et
1571 1209 1814 1245 antennae
1851 1208 1909 1245 ut

301 1269 356 1318 in
395 1270 718 1337 praecedente
756 1271 978 1318 omnino.
1056 1264 1261 1316 Thorax
1300 1266 1512 1334 longior,
1568 1278 1737 1315 exacte
1775 1284 1907 1331 quae-

303 1340 502 1402 dratus,
538 1358 683 1406 supra
721 1338 931 1406 planus,
984 1348 1060 1386 sat
1109 1337 1355 1403 profunde
1393 1349 1691 1404 punctatus,
1742 1336 1907 1384 serm-

302 1413 498 1480 gineu's.
570 1409 856 1475 Elytrorum
894 1408 1046 1456 forma
1084 1418 1138 1456 ut.
1174 1408 1226 1455 in
1266 1409 1436 1473 priori,
1474 1408 1557 1456 sed
1596 1407 1757 1454 adhuc
1793 1407 1908 1454 tna-'-

303 1483 378 1547 gis
416 1481 678 1546 depressa,
716 1479 1018 1545 ferruginea,
1058 1477 1232 1539 nitida,
1271 1476 1521 1526 subtiliter
1557 1478 1738 1537 striata,
1776 1476 1907 1524 striis

305 1550 529 1601 obsolete
566 1550 833 1618 punctatis.
909 1547 1102 1615 Corpus
1141 1558 1190 1597 et
1216 1547 1370 1615 pedes
1403 1559 1460 1597 ut
1485 1549 1537 1596 in
1575 1542 1906 1615 praecedenti.

644 1680 1110 1732 RHYZOPHA
1135 1680 1290 1732 GUS
1355 1700 1406 1749 p.
1445 1683 1565 1737 420.

300 1780 379 1837 R.
422 1797 610 1854 gran
631 1776 777 1832 dis:
827 1775 1003 1830 latior
1035 1773 1633 1850 rufo-ferrugineus,
1682 1771 1904 1848 glaber,

426 1873 671 1944 nitidus,
702 1870 946 1930 thorace
977 1869 1284 1945 quadrato,
1325 1870 1561 1945 parcius
1598 1874 1904 1944 punctam,

423 1969 634 2045 elytris
663 1967 957 2022 concinne
990 1966 1584 2040 pui‘ictato-striatis,
1629 1962 1901 2019 intersti-

422 2066 505 2121 tio
539 2062 802 2118 secundo
839 2082 871 2116 a
905 2069 1111 2118 sutura
1138 2062 1331 2117 antice
1357 2059 1587 2131 latiore,
1637 2059 1903 2133 disperse

420 2167 725 2236 punctam.

386 2250 766 2312 Habitatsub
810 2252 1032 2307 cortice
1062 2249 1340 2305 arborum
1386 2254 1788 2302 emortuarum
1828 2245 1904 2301 ad

474 2349 811 2424 Sparrs'eitra
843 2344 1351 2421 YVestrogothiae,
1381 2343 1698 2398 rarissime.
1734 2340 1900 2398 Mas.

470 2446 652 2502 Dom.
695 2443 1060 2500 Sclziinlzerr.

403 2531 564 2594 Major
599 2530 653 2577 in
689 2528 784 2577 hoc
825 2527 1037 2586 Genere,
1075 2526 1136 2575 R.
1173 2524 1562 2590 ferrugineo
1601 2517 1750 2587 paulo
1778 2518 1902 2569 lon-

302 2602 408 2669 gior
457 2612 506 2648 et
553 2599 667 2665 plus
720 2617 866 2663 quam
920 2596 1129 2646 dimidio
1181 2593 1337 2643 latior.
1410 2593 1573 2658 Caput
1625 2602 1899 2656 porrectum

301 2671 829 2735 rufo-ferrugineum,
869 2667 1100 2728 nitidum,
1142 2673 1455 2731 punctatum,
1496 2679 1667 2709 versus
1707 2677 1759 2708 os
1797 2666 1900 2707 an-

300 2752 568 2808 gustatum,
608 2739 769 2785 antice
804 2738 1119 2801 impressum,
1155 2733 1312 2782 oculis
1353 2732 1516 2798 parvis
1544 2731 1710 2795 nigris,
1783 2731 1899 2776 An-

299 2823 560 2860 tennarurn
610 2809 739 2856 basis
775 2818 823 2854 et
863 2806 999 2854 clava
1036 2803 1251 2870 pallida,
1303 2801 1525 2850 funiculo
1565 2800 1899 2865 rufo-piceo.

302 2882 507 2930 Thorax
533 2877 794 2925 latitudine
821 2893 919 2924 non
950 2874 1160 2941 longior,
1187 2872 1469 2938 quadratus,
1496 2867 1690 2935 angulis
1723 2868 1897 2917 omni-

302 2951 395 2999 bus
434 2949 796 3008 sub-obtusis3
834 2945 1060 3008 undique
1108 2953 1320 3009 anguste
1372 2942 1703 3005 marginatus.
1751 2956 1898 3003 supra

302 3035 590 3079 convexus,
636 3015 1139 3082 ruso-ferrugineus,
1188 3011 1407 3074 nitidus,
1468 3010 1758 3078 perspicue,
1814 3006 1900 3084 sed

1796 3093 1899 3124 rm·-
