2012 3398
197 125 355 209 574-
647 122 1041 207 Appendix
1083 124 1176 186 acl
1217 127 1282 185 P.
1324 129 1380 186 Ῑ.

203 270 410 333 fidum,
459 267 785 321 subtilissime
834 281 886 320 et
944 270 1169 322 obsolete
1213 269 1598 341 punctulatum,
1658 275 1824 325 antice

206 344 434 402 flavum,
484 338 636 388 litura
670 340 873 390 frontali
907 342 1178 409 tricuspide
1216 352 1266 390 et
1310 343 1506 408 angulis
1556 346 1825 394 anteriori-

206 412 303 462 bus
351 412 500 472 rufis3
550 409 747 459 labrum
798 423 1137 461 transversum
1186 414 1547 477 emarginatum
1595 413 1822 480 luteum3

210 499 267 531 os
320 491 370 528 et
419 479 739 529 mandibulae
787 482 1192 548 nigro-piceae,
1252 481 1420 548 palpis
1479 483 1823 535 maxillaribus

208 550 376 616 longis
421 549 636 616 pallidis.
718 551 986 599 Antennae
1038 551 1484 614 ruso-testaceae,
1542 566 1825 604 extrorsum

211 621 526 688 nigricantes.
601 620 841 669 Thoracis
882 631 1123 670 structura
1163 632 1222 669 ut
1257 621 1310 669 in
1348 623 1531 687 priori,
1569 622 1724 672 limbo
1762 635 1821 672 ut

213 693 270 739 in
305 688 396 739 illo
439 689 677 738 latissime
719 701 768 737 et
802 689 1129 754 inaequaliter
1165 689 1321 752 luteo,
1357 702 1417 739 ut
1452 693 1623 759 potius
1658 692 1824 743 luteus

215 760 488 824 dicendus,
528 759 672 826 plaga
709 777 886 827 magna
922 771 1232 821 transversa,
1270 762 1460 827 postice
1491 761 1689 824 triloba,
1732 763 1824 810 ni-

215 848 296 897 gra
334 841 559 888 notatus,
598 847 723 893 quae
760 830 813 877 in
853 829 1085 879 masculis
1122 829 1312 893 laevis,
1370 831 1558 892 nitida,
1614 834 1825 898 impuna

214 911 355 948 ctata.
429 898 706 947 Scutellum
744 900 961 966 nigrum,
1005 899 1198 948 macula
1226 914 1501 951 transversa
1528 903 1660 950 flava
1697 920 1825 951 ver-

214 987 299 1019 sus
348 971 559 1035 apicem.
643 969 819 1035 Elytra
877 969 1336 1036 oblongo—ovata,
1401 970 1529 1019 ultra
1601 972 1824 1022 medium

217 1037 456 1088 nonnihil
490 1038 681 1098 latiora,
720 1057 893 1089 versus
931 1041 1123 1106 apicem
1161 1039 1365 1106 oblique
1400 1051 1642 1103 truncata,
1683 1043 1827 1108 apice

216 1109 329 1175 ipso
368 1111 823 1170 sub-acuminata,
862 1128 1007 1176 supra
1048 1110 1243 1158 modice
1278 1128 1531 1172 convexa,
1567 1114 1705 1177 nigra
1742 1113 1827 1160 ni·-

213 1179 346 1239 tida,
386 1181 602 1244 margine
642 1179 831 1229 laterali
864 1179 964 1229 late
1001 1178 1138 1229 luteo
1177 1191 1227 1228 et
1263 1181 1316 1229 in
1351 1180 1487 1230 disco
1524 1180 1673 1230 lineis
1697 1181 1825 1230 lon-

213 1248 575 1316 gitudinalibus
625 1249 856 1315 plurimis
906 1252 1113 1298 obscure
1160 1249 1311 1300 luteis
1357 1262 1551 1315 notata3
1602 1253 1824 1301 externis

212 1320 380 1368 minus
416 1319 752 1385 regularibusg
815 1331 1071 1387 praeterea
1123 1320 1178 1368 in
1229 1321 1364 1369 disco
1415 1323 1637 1384 cujusvis
1677 1320 1827 1385 elytri

212 1389 359 1437 striae
393 1400 492 1437 tres
530 1389 803 1438 ordinariae
843 1408 870 1438 e
911 1391 1114 1456 punctis
1143 1401 1216 1439 sat
1247 1391 1441 1451 crebris,
1471 1401 1521 1438 et
1555 1392 1825 1440 interstitia

210 1475 387 1508 versus
440 1459 630 1525 apicem
683 1460 944 1508 confertim
993 1471 1044 1508 et
1089 1470 1165 1509 sat
1211 1459 1489 1526 profunde,
1543 1471 1824 1510 antrorsum

211 1546 358 1595 parce
396 1540 445 1577 et
481 1528 757 1579 obsoletius
784 1529 1078 1596 punctulata
1116 1540 1166 1578 et
1202 1531 1342 1578 sub.-
1358 1547 1550 1597 rugosa.
1627 1530 1822 1595 Corpus

211 1600 389 1648 subtus
423 1601 915 1660 flavo-testaceum,
965 1600 1150 1648 suturis
1195 1601 1407 1665 pectoris
1444 1611 1492 1647 et.
1527 1599 1690 1649 fasciis
1727 1602 1830 1647 ab·-

209 1669 448 1718 breviatis
504 1671 655 1734 nigris
705 1672 760 1718 in
809 1671 974 1718 antico
1026 1669 1215 1718 ventris
1269 1681 1515 1721 notatum.
1589 1670 1825 1719 Sternunt

210 1749 403 1804 postlce
450 1739 831 1800 bi—surcatum,
879 1738 1074 1788 laciniis
1110 1738 1382 1806 elongatis,
1433 1741 1656 1807 angustis
1695 1758 1825 1788 acu-

211 1809 431 1860 minatis.
504 1808 665 1859 Pedes
702 1809 893 1869 validi,
946 1810 1217 1858 femoribus
1250 1811 1502 1870 testaceis,
1549 1810 1686 1858 tibiis
1725 1821 1826 1857 tar-

212 1878 380 1943 sisque
426 1882 479 1927 in
528 1897 661 1927 mare
710 1881 1104 1948 nigro-piceis,
1170 1879 1389 1928 articulis
1442 1881 1601 1928 tribus
1649 1880 1823 1944 primis

209 1958 433 1997 tarsuum
499 1951 774 1999 anticorum
837 1948 987 2017 paulo
1050 1949 1344 2010 latioribus,
1408 1950 1585 1998 subtus
1652 1947 1827 1996 fulvo-

212 2020 527 2084 spongiosis,
566 2022 818 2070 concavis.
887 2020 1156 2068 Femina
1195 2019 1361 2067 differt
1397 2017 1587 2066 macula
1623 2016 1825 2066 frontali

209 2089 395 2151 majore
441 2099 491 2138 et
535 2087 693 2138 limbo
753 2101 860 2139 toto
911 2090 1097 2138 circum
1152 2087 1325 2138 oculos
1403 2089 1543 2150 ruf03
1606 2087 1824 2136 thoracis

215 2157 353 2206 disco
393 2161 539 2225 nigro
569 2161 834 2209 confertim
874 2160 1197 2209 subtilissime
1243 2157 1573 2224 punctulat03
1626 2155 1828 2205 scutelli

213 2226 363 2275 fascia
401 2230 532 2278 flava
569 2228 771 2295 latiore3
825 2229 1096 2295 elytrorum
1145 2228 1293 2278 lineis
1341 2227 1492 2278 luteis
1531 2226 1829 2286 evidentioff

213 2296 355 2346 ribus
393 2309 444 2346 et
474 2298 695 2364 pedibus
744 2311 958 2365 quatuor
993 2299 1320 2348 anterioribus
1354 2299 1475 2347 totis
1511 2297 1756 2348 testaceis.

217 2425 276 2481 4.
315 2423 392 2481 D.
437 2425 886 2483 dimidiatus
937 2445 995 2503 p.
1040 2426 1193 2501 469.
1271 2423 1433 2484 Ahr.
1475 2425 1630 2489 Nov.
1674 2421 1823 2484 Act.

340 2519 521 2581 Hall.
571 2539 621 2576 1.
655 2521 714 2580 6.
762 2522 868 2578 52.
899 2524 958 2580 5.

216 2615 279 2674 5.
318 2613 396 2671 D.
444 2617 960 2689 punctulatus
1005 2636 1062 2692 p.
1096 2617 1252 2690 470·
1311 2612 1475 2675 Ahr.
1506 2611 1824 2673 Nov.Act.

324 2709 503 2766 Hau.
547 2730 598 2770 1.
638 2712 693 2768 6.
725 2713 833 2769 55.
869 2714 929 2771 4.
1796 2709 1799 2712 ’

218 2802 276 2860 6.
326 2804 404 2860 D.
457 2806 809 2863 sulcatus
858 2827 916 2883 p.
951 2810 1107 2881 471.

319 2902 443 2962 Obs.
469 2905 680 2974 Propter
702 2906 1073 2957 distinctionem
1103 2925 1127 2956 a
1153 2904 1401 2971 sequenti,
1429 2901 1681 2970 diagnosis
1706 2900 1829 2950 haec

215 2973 338 3025 erit:
377 2975 538 3029 ovalis
577 2977 842 3044 depressus
881 2978 1161 3045 nigricans,
1198 2975 1392 3027 lunulis
1433 2985 1644 3039 quatuor
1678 2973 1828 3088 frop-

1700 3051 1748 3088 ta
1770 3057 1824 3087 ιφ
