2012 3398
696 134 699 137 ”
751 131 1126 210 Dytiscch.
1618 146 1742 217 077

133 279 337 346 punctis
381 277 537 344 nigris
585 275 807 328 irrorato.
880 276 1063 324 Sutura
1124 285 1228 325 tota
1278 274 1504 341 elevata,
1561 277 1740 349 laevis,

133 351 353 397 anterius
386 346 656 396 lutescens.
727 346 1023 411 Superficies
1056 344 1496 411 reliquaverrucis
1533 350 1622 400 vel
1648 365 1743 402 tu..

134 417 347 466 bei-culis
396 416 630 477 elevatis,
696 415 908 482 glabris,
967 417 1185 464 anterius
1235 416 1498 485 oblongis,
1566 439 1744 476 versus

135 489 326 553 apicem
367 488 524 552 magis
559 486 865 548 rotundatis,
916 486 1276 534 confertissime
1311 488 1557 555 adspersa.
1617 493 1743 543 Cor-

133 575 230 624 pus
268 568 426 605 totum
469 558 642 604 subtus
681 558 1176 617 flavo—testaceum,
1216 560 1399 606 suturis
1439 563 1651 624 pectoris
1690 575 1742 614 et

136 625 345 675 maculis
389 623 931 691 intra-marginalibus
968 627 1159 674 ventris
1186 626 1354 677 fuscis.
1426 628 1586 679 Pedes
1623 649 1741 682 me—

132 696 322 745 diocres
359 696 787 756 flavo-testacei,
824 697 965 743 tarsis
1002 697 1207 760 posticis
1244 697 1497 748 brunneis.

242 765 365 815 Obs.
419 768 557 823 Mas,
609 776 778 830 postea
812 766 985 825 visus,
1034 762 1230 814 differt:
1288 766 1477 831 Elytris
1529 772 1738 823 omnino

129 833 377 897 laevibus,
408 837 577 901 nigris,
602 836 822 900 margine
849 832 1035 882 laterali
1067 834 1166 883 late
1195 835 1403 901 pallido,
1433 844 1738 910 punctisque

129 902 363 972 plurimis
405 907 610 954 obscure
635 906 1022 955 flavescentibus
1058 905 1114 954 in
1149 905 1287 956 disco
1323 910 1524 976 sparsis·

137 1031 195 1086 7.
244 1011 322 1066 D.
371 1010 854 1068 bi-lineatus
899 1030 958 1085 p.
994 1013 1148 1088 475.

134 1108 193 1164 8.
231 1105 307 1162 D.
356 1109 714 1163 cinereus
762 1127 820 1183 p.
855 1107 1009 1178 474.

132 1220 194 1277 9.
239 1202 314 1258 D.
363 1210 696 1258 zonatus
741 1222 800 1279 p.
834 1201 986 1275 475.

139 1314 238 1353 1ο.
288 1296 368 1356 D.
420 1299 749 1354 striatus
802 1316 860 1372 Ρ.
902 1294 1057 1370 476.

227 1385 343 1433 Var.
381 1402 434 1448 c,
474 1385 536 1433 ad
573 1394 866 1448 sequentem
903 1381 1149 1449 pertinet.

137 1482 218 1520 10
245 1494 282 1504 -—
307 1482 330 1517 1
355 1482 407 1522 1.
439 1463 516 1520 D.
548 1464 822 1538 Bogem
847 1462 1027 1517 anni
1066 1461 1216 1518 Pars
1243 1462 1301 1519 3.
1334 1464 1468 1525 add.
1495 1468 1736 1546 p.687.

138 1577 239 1615 11.
284 1552 374 1616 D.
426 1558 690 1615 fuscus
742 1578 801 1634 p.
837 1562 988 1632 477.

138 1672 238 1713 12.
289 1653 368 1712 D.
415 1654 867 1711 dolabratus
917 1673 973 1727 Ρ.
1013 1653 1168 1726 478.

233 1738 354 1788 Obs.
405 1741 522 1790 Non
560 1739 721 1790 solum
758 1740 812 1787 in
850 1738 1177 1804 Lapponiae‚
1216 1738 1303 1789 sed
1341 1741 1490 1791 etiarn
1527 1743 1583 1793 in
1620 1745 1737 1795 Ve-

126 1811 433 1876 strogothiae
472 1813 614 1876 aquis
662 1811 1005 1878 stagnantibus
1055 1809 1250 1877 pluries
1310 1811 1496 1880 lectus,
1557 1827 1607 1865 et
1651 1815 1738 1866 hic

124 1880 276 1948 paulo
314 1883 485 1946 major.

136 1981 240 2038 15.
290 1979 366 2035 D.
416 1979 778 2037 Hiibneri
827 2000 890 2055 Ρ.
924 1980 1079 2055 ί179.

135 2075 237 2137 14.
287 2074 362 2130 D.
410 2076 983 2135 transversalis
1031 2096 1089 2152 p.
1125 2075 1278 2132 480.

135 2173 237 2227 14.
278 2170 355 2226 D.
406 2173 788 2246 stagnalis
838 2192 895 2247 Ρ.
930 2173 1086 2228 481.

235 2254 359 2308 Obs.
406 2258 610 2324 Species
649 2259 746 2322 jam
788 2269 1075 2323 sequentes,
1112 2275 1140 2305 a
1178 2275 1261 2307 me
1296 2258 1389 2307 sub
1422 2256 1519 2309 hoc
1555 2279 1736 2328 genere

125 2326 430 2393 descriptae,
481 2348 508 2378 a
557 2331 914 2378 recentioribus
963 2328 1318 2395 Entornologis
1377 2331 1441 2379 ad
1487 2331 1736 2395 peculiare

127 2396 332 2459 Genus,
371 2397 785 2464 Colymbetes
822 2399 1040 2462 dictum,
1091 2399 1384 2452 referuntur.
1455 2400 1576 2453 Vid.
1613 2403 1732 2467 Dej.

125 2467 233 2516 Cat.
272 2486 327 2532 p.
372 2484 450 2533 19.

135 2547 238 2602 16.
290 2545 364 2601 D.
413 2566 888 2621 conspersus
931 2568 988 2623 p.
1030 2549 1188 2606 482.

232 2629 354 2680 Obs.
417 2632 706 2681 Secundum
755 2635 1059 2683 sententiam
1121 2636 1274 2686 Dom.
1330 2633 1472 2688 Com.
1521 2635 1736 2701 Dejean‚'

124 2700 209 2750 hic
243 2702 307 2751 D.
349 2714 619 2752 notatus
659 2705 803 2754 Fabr.
841 2707 960 2766 erit3
998 2704 1083 2752 sed
1123 2703 1199 2754 Cl.
1229 2705 1479 2754 Fabricius
1517 2710 1611 2756 sub
1640 2709 1734 2756 hac

127 2771 538 2821 denominatione
591 2772 759 2838 plures
815 2774 1098 2822 confudisse
1147 2775 1373 2838 Videtur,
1425 2787 1482 2823 ut
1530 2795 1595 2825 ex
1633 2779 1733 2826 de·-

127 2842 398 2906 scriptione
438 2843 668 2908 ambigua
707 2845 760 2891 in
799 2845 914 2891 Ent.
949 2843 1082 2906 Syst.
1125 2861 1170 2893 1.
1214 2852 1329 2911 195.
1369 2847 1452 2895 38.
1501 2847 1732 2909 videtum

124 2910 192 2960 D.
234 2922 504 2961 notatus
539 2911 753 2980 Illigeri,
808 2914 864 2964 in
901 2912 1010 2967 Col.
1058 2915 1175 2966 Bor.
1221 2928 1278 2966 '1.
1316 2914 1433 2966 261.
1477 2918 1555 2968 15.
1602 2928 1731 2966 certe

126 2978 228 3031 huc
266 2998 369 3032 non
396 2983 635 3050 pertinet.

1607 3054 1735 3111 Obs-
