2012 3398
297 126 420 190 208
872 129 1335 189 Coccinella.

379 277 539 360 Van·
558 278 611 353 h,
637 277 853 337 thorax
883 283 1028 339 utin
1047 302 1121 357 ας
1161 289 1454 360 punctum
1482 278 1694 338 baseos
1725 273 1899 337 com-

456 396 641 433 mune
695 397 834 434 cum
888 379 1222 452 posteriore
1285 378 1566 454 proximo
1617 376 1902 450 utrinque

466 489 828 528 connexum.
876 471 1042 550 Illig.
1069 493 1202 531 ναν.
1231 467 1279 543 ζ.
1342 471 1605 530 Sch‘o'nlz.
1636 489 1768 528 ναν.
1801 467 1858 530 ὃ.

382 590 442 650 V
446 607 527 644 ar.
560 606 628 660 e,
681 586 882 642 omni-a
927 595 993 642 ut
1034 587 1098 642 in
1134 607 1207 660 a,
1253 587 1358 644 sed
1399 593 1624 662 puncta
1665 584 1901 659 elytro-

457 701 594 740 rum
633 681 752 737 duo
798 681 1131 756 penultima
1181 683 1245 738 in
1299 681 1545 738 fasciam
1599 678 1900 755 obliquam

468 776 849 834 confluentia.
912 775 1080 853 Illig.
1120 770 1334 834 ναν.ἐ.
1392 774 1654 834 ΒΟῘιόηῘι.
1688 793 1820 834 ναν.
1843 786 1901 847 γ.

379 907 524 969 ναν.
551 907 630 977 cl,
678 903 942 959 thoracis
971 913 1198 979 puncto
1232 904 1466 961 laterali
1511 925 1649 962 cum
1691 905 1899 979 nigre-

457 1004 598 1059 dine
641 1000 788 1056 disci
831 999 1207 1071 confluente,
1277 1001 1612 1076 elytrorum
1664 999 1903 1076 punctis

469 1096 763 1154 distinctis
804 1103 871 1151 ut
896 1095 963 1152 in
1001 1115 1058 1153 α.
1130 1096 1296 1176 Illig.
1346 1116 1480 1156 ναν.
1517 1088 1575 1156 ὃ.
1634 1093 1899 1152 Sclz'o'nlz.

469 1210 603 1252 ναν.
645 1188 712 1272 β.
841 1270 845 1273 .

380 1307 526 1368 Var.
558 1326 612 1379 e,
660 1303 907 1361 thorace
938 1313 1007 1361 ut
1028 1306 1092 1362 in
1118 1324 1240 1364 var.
1265 1307 1325 1380 d,
1365 1305 1701 1382 ely-trorum
1731 1323 1899 1383 pun-

461 1404 568 1459 ctis
597 1408 663 1457 ut
692 1401 758 1457 in
789 1419 837 1457 c.

380 1519 531 1580 ναν.
563 1517 646 1596 f,
685 1513 936 1571 thorace
972 1521 1041 1571 ut
1083 1516 1147 1573 in
1186 1535 1309 1576 var.
1351 1518 1426 1590 d,
1471 1537 1537 1588 ε,-
1579 1515 1644 1572 in
1690 1513 1900 1589 elytris

463 1620 758 1692 punctum
796 1610 1114 1667 scutellare
1157 1632 1294 1668 cum
1347 1614 1629 1688 proximo
1686 1617 1897 1686 poste·-

454 1709 635 1770 *riore
663 1706 1050 1782 conjunctum
1077 1713 1142 1762 ut
1169 1708 1233 1764 in
1262 1725 1383 1764 var.
1414 1705 1480 1780 b3
1525 1713 1752 1783 puncta
1779 1704 1898 1759 duo

467 1802 805 1881 penultima
818 1804 880 1858 in
895 1800 1138 1858 fasciam
1153 1801 1513 1858 confluentia
1515 1846 1538 1874 ,
1557 1809 1626 1858 ut
1640 1801 1703 1857 in
1719 1816 1900 1858 vanc,

385 1931 534 1992 Var.
582 1952 621 2008 g
632 1975 656 2004 ,
715 1931 933 1988 thorax
974 1938 1041 1987 ut
1096 1932 1160 1987 in
1214 1932 1288 2005 d,
1332 1951 1394 2004 e,
1419 1933 1503 2008 f3
1566 1929 1900 2003 elytrorum

467 2034 693 2105 puncta
718 2028 833 2084 tria
857 2026 1067 2082 ultima
1095 2027 1369 2099 dilatata,
1416 2027 1481 2081 in
1508 2025 1749 2081 lituram
1793 2039 1899 2076 ar-

473 2130 706 2179 cuatam
734 2122 1114 2180 confluentia.
1176 2121 1342 2199 Illig.
1371 2139 1502 2179 ναν.
1530 2135 1585 2190 η.
1633 2114 1896 2175 Βοήὅηῆ.

474 2236 606 2276 ναν.
654 2232 699 2275 ε.

384 2331 532 2393 ναν.
558 2331 620 2405 h,
665 2330 881 2388 thorax
906 2338 972 2387 ut
995 2330 1058 2387 in
1088 2331 1323 2408 d--g3
1369 2329 1702 2406 elytrorum
1729 2342 1897 2403 pun-

473 2428 583 2484 ctis
628 2427 817 2483 tribus
852 2426 1076 2482 ultimis
1113 2427 1175 2481 in
1207 2427 1446 2501 plagam
1476 2440 1753 2499 magnam
1779 2438 1897 2474 an-

469 2522 733 2598 gulatam
764 2522 1066 2595 connatis3
1111 2521 1271 2577 tibiis
1299 2521 1423 2577 basi
1448 2521 1651 2594 nigriS.

381 2635 529 2695 Var.
578 2636 631 2710 i,
698 2637 958 2693 thoracis
1020 2636 1306 2693 lateribus
1360 2642 1606 2710 anguste
1662 2635 1895 2688 tantum

464 2730 738 2806 pallidis,
799 2733 1127 2807 elytrorum
1169 2733 1330 2788 disco
1368 2730 1495 2787 fere
1538 2736 1662 2785 toto
1702 2725 1893 2797 nigre,

459 2825 695 2882 macula
732 2846 851 2882 una
904 2826 1164 2885 alterave
1213 2825 1582 2900 rufescente3
1640 2817 1893 2937 podibus

468 2918 597 2976 fere
629 2922 767 2977 totis
793 2923 993 2996 nigris,

1691 3004 1892 3064 Habi-
