2012 3398
720 116 1077 174 Hister.
1427 159 1429 162 .
1573 109 1695 192 269

203 284 430 345 presso,
460 268 668 343 elytris
693 269 849 326 striis
879 266 1282 325 exterioribus
1310 269 1542 342 apicem
1566 265 1697 323 sere

207 366 666 439 attingentibus,
733 364 894 420 tibiis
951 363 1166 420 anticis
1226 372 1476 419 externe
1534 383 1699 418 sex-

209 461 607 518 denticulatis,

178 549 348 625 Pczyk.
380 550 540 606 Μοη.
563 550 722 607 Hist.
757 543 854 625 74.
882 545 980 605 58.
1019 546 1313 624 Tab.7.f.
1350 565 1400 602 1.
1443 547 1693 604 Sclzonlz.

262 636 389 709 Syn.
438 654 487 690 1.
530 632 628 712 96.
671 630 772 690 46.

176 721 428 782 Habitat
457 728 517 780 in
535 727 746 782 Svecia
775 722 1153 779 meridionali
1172 722 1487 778 rarissime.
1511 722 1696 781 Dom.

267 822 341 876 de
378 821 669 898 Pczykull.

200 904 418 967 Parvus,
471 907 536 954 H.
572 923 780 955 aeneo
829 903 1038 952 dimidio
1089 904 1269 953 minor.
1359 902 1529 969 Caput
1575 921 1702 969 par—

93 996 246 1039 vum,
296 977 584 1035 deflexum,
638 977 796 1024 fronte
843 974 1040 1038 aequali
1088 970 1404 1040 punctulata3
1450 984 1700 1021 antennae

92 1049 259 1108 rufae,
331 1047 473 1096 clava
529 1046 781 1096 dilutiore.
880 1046 1086 1093 Thorax
1149 1045 1363 1092 anterius
1422 1046 1700 1110 angustior,

94 1113 455 1184 emarginatus,
520 1118 626 1165 basi
675 1117 1050 1176 bii-sinuatus,
1100 1133 1247 1180 supra
1287 1133 1575 1177 convexus,
1617 1133 1702 1162 ae-

96 1187 289 1252 qualis,
352 1187 439 1236 vel
488 1188 548 1234 ad
595 1185 806 1254 angulos
857 1186 1047 1233 anticos
1098 1203 1363 1250 perparum
1408 1186 1699 1251 impressus,

93 1258 324 1321 undique
362 1256 717 1322 punctulatus,
770 1258 824 1304 in
878 1256 1013 1303 disco
1051 1266 1217 1302 tamen
1256 1256 1450 1319 parcius
1488 1266 1538 1303 et
1575 1257 1702 1303 sub-

94 1326 250 1378 tilius.
324 1327 502 1391 Elytra
536 1328 696 1374 antice
735 1325 1002 1374 latitudine
1039 1326 1214 1374 baseos
1252 1324 1481 1385 thoracis,
1519 1342 1702 1374 versus

94 1397 314 1445 medium
360 1396 908 1457 rotundato-dilatata,
960 1395 1157 1443 thorace
1205 1396 1414 1443 dimidio
1453 1394 1698 1462 longiora,

95 1485 241 1532 supra
271 1486 443 1533 parum
478 1484 723 1527 convexa,
762 1466 1021 1515 confertim
1049 1476 1302 1530 punctam,
1338 1464 1512 1525 limbo,
1550 1484 1699 1513 area-

92 1554 190 1602 que
227 1539 387 1585 antica
425 1556 451 1585 a
487 1549 655 1586 sutura
693 1537 757 1585 ad
794 1538 966 1585 striam
1003 1537 1196 1584 tertiam
1230 1534 1459 1585 laevibus
1497 1534 1698 1601 politi53

93 1607 209 1655 stria
248 1607 481 1656 suturalis
516 1609 726 1674 integra,
765 1609 927 1655 antice
964 1624 1075 1654 cum
1102 1607 1220 1655 stria
1257 1617 1425 1671 quarta
1459 1607 1698 1656 arcuatim

91 1679 292 1742 juncta3
329 1678 472 1726 striae
510 1680 779 1726 exteriores
816 1677 876 1724 acl
910 1677 1102 1742 apicem
1140 1677 1236 1724 fere
1273 1675 1556 1742 elongatae,
1594 1693 1698 1724 ex-

91 1747 214 1795 tima
252 1758 416 1795 tamen
456 1749 699 1797 breviore.
774 1747 968 1812 Corpus
1014 1747 1191 1795 subtus
1241 1747 1504 1796 confertim
1552 1765 1699 1812 pun-

91 1815 365 1879 ctulatum,
426 1818 479 1865 in
531 1818 695 1865 medio
741 1815 1173 1881 longitudinaliter
1221 1815 1393 1870 laeve,
1460 1814 1696 1882 politum.

88 1886 249 1935 Pedes
288 1886 612 1936 validiuseuli
648 1887 743 1935 toti
777 1888 896 1948 rufi,
933 1887 1069 1937 tibiis
1104 1886 1284 1936 anticis
1321 1885 1555 1950 dilatatis,
1593 1904 1698 1935 ex·-

87 1967 225 2006 terne
263 1956 751 2007 sex-denticulatis.

200 2025 324 2075 Obs.
375 2028 438 2077 H.
487 2029 751 2093 rusipes
788 2027 872 2075 Ins
926 2026 1015 2077 Sv.
1052 2026 1096 2078 I.
1135 2040 1218 2093 90.
1262 2043 1341 2093 19.
1397 2026 1694 2093 descriptus,

34 2102 43 2106 χ
90 2097 312 2161 pertinet
356 2098 419 2146 ad
468 2099 536 2149 H.
590 2098 869 2146 affinem
920 2095 1078 2160 Payk.
1110 2097 1252 2146 Mon.
1294 2093 1429 2148 Hist.
1480 2098 1561 2163 76.
1609 2098 1696 2164 59,

86 2182 316 2215 erroneae
355 2186 467 2216 cum
504 2169 569 2218 H.
608 2166 922 2234 rusipede
957 2165 1117 2232 Payk.
1156 2167 1432 2217 confusum.

93 2265 198 2320 25.
228 2264 308 2321 H.
344 2268 897 2341 rotundatusp.
925 2268 1030 2341 ‘)5·
1080 2264 1693 2346 Payk.]lffon.Hist.

220 2380 323 2436 77.
357 2362 462 2420 61.
502 2361 645 2419 Ταῦ.
681 2383 734 2437 7
754 2363 906 2440 f5.

170 2452 312 2512 Var.
343 2456 407 2530 b,
461 2458 645 2535 duplo
676 2459 902 2528 minor,
948 2456 1279 2532 elytrorum
1315 2457 1488 2532 apice
1514 2457 1690 2532 pedi-

252 2552 482 2629 busque
518 2552 977 2612 rufescentibUS.
1039 2553 1240 2631 Pccyk.
1271 2553 1307 2608 l.
1341 2572 1390 2610 e.
1424 2572 1553 2611 var.
1585 2549 1650 2629 β.

167 2645 413 2704 Habitat
443 2671 578 2706 cum
617 2671 648 2704 a
682 2651 918 2723 passim.

190 2732 313 2784 Obs.
375 2737 506 2784 Stria
560 2735 792 2786 suturalis
842 2735 1004 2783 antice
1051 2735 1192 2798 juxta
1255 2731 1527 2782 scutellum
1582 2751 1698 2783 cum

64 2805 316 2868 .0pposita
366 2808 563 2869 juncta,
619 2807 819 2871 quidem
860 2806 1025 2865 adest,
1076 2805 1165 2853 sed
1215 2806 1542 2865 brevissima,
1588 2822 1696 2852 raro

84 2873 147 2919 ad
179 2875 398 2923 medium
432 2879 579 2941 elytri
608 2876 880 2925 descendit.
936 2875 1125 2922 Dentes
1155 2874 1389 2922 tibiarum
1422 2875 1700 2922 anticarum

85 2958 229 3009 saepe
256 2946 540 3010 obsoletae,
577 2947 830 2997 interdum
869 2957 1037 2994 tamen
1065 2945 1426 3008 evidentiores,
1461 2947 1494 2993 4
1523 2955 1608 2991 aut
1648 2945 1696 2991 5.

1465 3039 1569 3076 24.
1623 3022 1704 3077 H.
