2033 3398
720 104 1376 187 Praefatim
1755 125 1846 172 w!

375 258 558 318 Dom.
588 256 886 316 Comitem
926 258 1206 338 Dejeczn,
1254 258 1531 334 Parisii8‚
1577 279 1611 317 e
1639 259 1845 338 Regni

238 366 469 424 Galliae
511 367 919 439 PrimoribUS,
990 368 1310 426 Generalis
1373 370 1578 427 locum
1618 380 1845 430 tenen-

236 488 395 548 tem,
447 476 1015 534 Commendatorem
1052 487 1182 550 etc.,
1234 479 1338 556 qui
1385 481 1648 537 maxima
1702 501 1846 540 cum

236 587 588 653 liberalitate
632 585 1018 643 collectiones
1060 606 1224 644 meas
1253 590 1453 662 auxit,
1503 590 1844 668 multasque

237 698 394 754 circa
437 696 952 752 nomenclaturam
995 696 1143 752 mihi
1178 698 1457 772 praebuit
1504 702 1842 756 correctio-

234 827 356 864 nes,
408 805 652 862 Muneri
682 806 830 861 mihi
858 808 1097 861 mittere
1134 806 1224 862 illi
1257 807 1487 883 placuit
1529 829 1654 866 non
1695 819 1842 866 tan-

234 925 363 972 tum
397 935 583 993 opera
617 935 723 972 sua
756 915 1240 990 Entomologica7
1286 915 1410 990 jam
1458 928 1633 974 antea
1662 919 1845 993 edita,

235 1028 341 1084 sed
375 1027 522 1082 duos
551 1026 728 1080 etiam
755 1026 990 1100 priores
1016 1024 1245 1081 Tomos
1277 1024 1526 1082 Classici
1553 1029 1645 1083 sui
1683 1048 1844 1104 ope-

235 1137 346 1207 riS,
401 1134 561 1210 quod
598 1134 972 1191 inscribitur:
1043 1134 1343 1212 „Species
1406 1135 1687 1194 General
1734 1135 1845 1194 des

239 1244 624 1321 Coleopteres
652 1244 818 1300 etc.“
874 1243 986 1299 Est
1012 1263 1176 1317 vem,
1212 1246 1371 1320 quod
1403 1246 1657 1316 doleam,
1685 1266 1842 1322 ope-

235 1355 318 1411 ris
345 1353 525 1429 hujus
554 1360 679 1408 tum
713 1354 956 1409 tandem
1000 1352 1150 1407 mihi
1183 1354 1420 1428 copiam
1448 1374 1576 1412 esse
1604 1355 1844 1429 factam,

238 1482 422 1540 quum
471 1461 715 1538 jamjam
756 1461 922 1519 hunc
963 1464 1161 1537 operis
1204 1465 1322 1520 mei
1370 1464 1636 1522 Tornum
1678 1466 1845 1542 typis

236 1572 703 1630 exscribendum
746 1571 1019 1649 Lipsiam
1069 1573 1563 1648 transmisissem,
1607 1595 1722 1631 nec
1756 1575 1844 1630 li-

237 1689 427 1740 cuisse
457 1681 606 1740 mihi
653 1701 837 1757 opere
877 1682 1119 1739 laudato
1166 1684 1288 1754 uti,
1333 1685 1399 1741 in
1429 1684 1681 1741 Familia
1716 1684 1844 1741 Ca·-

235 1792 576 1850 rabicorum
617 1791 1024 1848 describenda.
1105 1792 1366 1849 Tantam
1409 1812 1554 1852 vero
1597 1802 1861 1872 tamque¹

144 1916 151 1921 ‘
235 1902 517 1958 eximiam
550 1900 984 1956 humanitatem
1015 1921 1137 1958 non
1169 1921 1447 1977 possum,
1498 1906 1644 1979 quin
1693 1924 1843 1979 gra-

229 2012 455 2068 tissima
484 2018 543 2067 et
557 2010 983 2069 venerabunda
999 2030 1238 2087 semper
1261 2031 1593 2089 prosequar
1615 2021 1845 2094 mente,⁴

235 2121 394 2198 quod
424 2120 573 2177 mihi
605 2118 723 2177 hoc
757 2121 893 2177 loco
932 2121 1109 2177 liceat
1138 2122 1464 2180 declarare.

373 2231 561 2292 Dom.
615 2229 671 2287 J.
713 2229 1063 2308 Schiippel,
1129 2231 1429 2309 Berolini,
1476 2232 1636 2288 inter
1680 2228 1845 2287 Exi—-

231 2339 384 2397 mios
425 2341 617 2396 nostri
658 2340 792 2398 aevi
834 2339 1301 2417 EntomologOS,
1343 2341 1445 2417 qui
1483 2340 1671 2397 multa
1713 2338 1843 2396 hu-

228 2445 324 2522 J'us
366 2449 717 2525 disciplinae
755 2449 962 2505 amicis
1004 2452 1203 2526 magni
1258 2450 1626 2508 aestimanda
1678 2467 1841 2505 enu-

231 2559 476 2631 cleavit,
538 2558 934 2615 minutissima
987 2560 1345 2635 praesertim
1395 2560 1629 2617 Insecta
1681 2556 1844 2634 quod

228 2669 470 2740 attinet,
519 2667 857 2744 multasque
911 2669 1403 2726 nomenclaturae
1459 2669 1843 2725 emendatio-

228 2795 338 2832 nes
387 2775 961 2853 sub-ministravit‚
1025 2779 1186 2855 quod
1229 2797 1472 2856 semper
1506 2777 1845 2855 gratissima.

226 2893 430 2943 mente
471 2905 812 2962 agnoscam.

1740 2994 1842 3051 Si·-
