2012 3398
349 155 474 219 668
738 153 1123 234 Appendix
1169 154 1260 212 ad
1302 155 1554 214 PfIII.

434 302 915 382 Cryptoceplzalus
970 299 1467 376 hieroglyphicas,
1530 299 1706 358 Fabr.
1754 301 1812 359 S.
1849 297 1939 359 El.

522 409 577 448 2.
603 385 699 443 55.
724 382 822 462 67.
871 384 1118 442 Sclzonlz.
1145 386 1272 459 Syn.
1309 403 1364 441 2.
1389 381 1530 460 367,
1554 381 1653 463 69.

433 478 683 537 Habitat
705 477 768 532 in
801 475 1169 545 Finlandiae,
1195 474 1506 547 Bothniae‚
1545 475 1757 533 Betula
1793 477 1941 537 alba.

520 571 704 636 Domss
744 571 921 646 Profl
961 568 1300 655 Salzlbfflg,
1337 570 1538 648 Prytz
1573 580 1634 627 et
1675 572 1836 629 Com.
1868 576 1945 631 de

517 665 976 726 stlannerlzeim.

457 755 653 803 Statura
700 763 750 800 et
794 748 1069 799 similitudo
1124 748 1495 815 praecedentis3
1554 750 1846 819 magnitudo
1895 764 1949 803 et

353 827 630 892 signaturae
669 822 773 888 pari
811 821 959 868 modo
996 819 1206 868 variant.
1277 821 1433 868 Frons
1470 831 1648 883 retusa,
1685 822 1944 871 confertim

353 905 592 962 punctata
614 929 627 952 ‚
660 894 818 950 flava,
856 889 1043 938 vertice
1080 888 1313 953 lineaque
1349 889 1526 950 media,
1563 909 1710 956 saepe
1746 903 1946 940 antror-

353 983 463 1015 sum
502 962 682 1022 bifida,
722 960 905 1024 nigris3
946 958 1079 1008 oculi
1115 961 1403 1008 renisormes
1440 961 1671 1010 brunnei.
1738 961 1946 1009 Anten-

353 1053 447 1084 nae
495 1032 704 1080 dimidio
757 1047 960 1094 corpore
1003 1027 1280 1094 longiores,
1323 1040 1524 1089 tenues,
1586 1032 1777 1097 nigrae,
1840 1033 1955 1080 basi

352 1104 693 1168 ferrugineae,
739 1098 956 1147 articulis
1005 1099 1177 1163 primis
1214 1117 1361 1164 supra
1395 1099 1663 1150 infuscatis.
1739 1101 1944 1150 Thorax

353 1174 555 1234 brevis,
592 1171 754 1219 amice
789 1170 1232 1228 sub-truncatus,
1282 1168 1516 1216 lateribus
1552 1187 1723 1234 parurn
1757 1182 1945 1219 rotun-

354 1244 526 1305 datus,
590 1242 697 1289 basi
744 1239 1102 1298 bi-sinuatus,
1160 1256 1307 1303 supra
1344 1256 1634 1301 convexus,
1684 1242 1943 1290 confertim

351 1322 648 1380 punctatus,
686 1320 800 1356 ante
839 1309 978 1356 basin
1016 1310 1332 1355 transversim
1370 1309 1666 1372 impressus,
1715 1328 1945 1375 praescr-

351 1385 443 1432 tim
479 1383 534 1430 in
571 1381 735 1429 medio
771 1389 884 1425 ante
917 1377 1211 1441 scutellum3
1256 1389 1343 1425 ant
1377 1378 1547 1441 niger,
1592 1381 1808 1444 margine
1845 1399 1946 1427 an-

351 1455 450 1502 tico
488 1452 754 1508 sinuafim,
806 1448 936 1496 linea
987 1446 1372 1513 intramarginali
1419 1449 1656 1496 continua
1691 1451 1942 1514 utrinque,

353 1520 660 1585 maculisque
705 1520 862 1567 tribus
913 1517 1036 1565 disci
1071 1519 1244 1578 ssavis,
1295 1519 1450 1582 prima
1501 1519 1823 1580 cuneiformi,
1887 1522 1942 1568 in

352 1592 517 1642 medio
569 1590 762 1648 antico,
831 1605 977 1652 saepe
1037 1604 1150 1634 cum
1197 1587 1450 1634 {lavedine
1509 1589 1740 1654 marginis
1789 1591 1943 1640 antici

353 1677 599 1721 connexa,
634 1671 685 1708 et
720 1675 820 1706 una
855 1659 984 1706 intra
1018 1658 1158 1705 basin
1193 1658 1460 1721 utrinque,
1499 1659 1686 1721 major,
1723 1657 1942 1724 obliqua,

353 1742 579 1791 arcuata3
630 1739 715 1777 aut
755 1729 806 1776 in
845 1745 949 1776 var.
989 1727 1047 1786 b,
1102 1726 1316 1773 maxima
1355 1738 1488 1792 parte
1525 1730 1718 1785 ssavus,
1764 1729 1942 1795 signa-

350 1803 473 1852 turis
524 1800 703 1865 nigris,
769 1797 1005 1857 arcuatis,
1069 1796 1461 1848 cohaerentibus.
1536 1796 1814 1845 Scutellum
1854 1800 1945 1846 ni·-

351 1889 527 1938 grum,
582 1868 827 1926 nitidum,
883 1865 1051 1927 laeve,
1112 1866 1252 1931 apice
1313 1867 1565 1917 obtusum.
1657 1867 1943 1932 Elytrorum

351 1944 507 1990 forma
542 1938 610 2005 ut}
648 1939 701 1986 in
741 1937 986 2003 prioribus
1022 1937 1245 1995 omnino,
1282 1953 1427 2001 supra
1463 1954 1704 1997 convexa,
1740 1949 1942 1986 externe

348 2010 589 2070 striatim,
622 2009 821 2057 interne
857 2024 1005 2066 vero,
1043 2005 1328 2071 praesertim
1366 2009 1607 2068 anterius,
1643 2024 1768 2072 vage
1803 2026 1941 2072 pun—-

349 2092 507 2140 ctata,
543 2081 594 2127 in
633 2096 691 2138 a,
729 2077 899 2143 nigra,
925 2080 1144 2141 margine
1181 2077 1351 2123 baseos
1389 2075 1584 2124 elevato
1619 2077 1769 2137 flavo,
1807 2076 1942 2125 litu-

348 2152 515 2215 risque
550 2150 700 2198 variis
735 2148 879 2195 ssavis
914 2146 966 2192 in
1005 2145 1157 2205 disco,
1194 2146 1475 2210 praesertim
1511 2148 1684 2194 versus
1723 2146 1940 2211 apicem3

351 2221 406 2270 in
443 2237 545 2269 var.
583 2219 646 2278 b,
687 2217 901 2265 maxima
936 2227 1075 2280 parte
1109 2215 1256 2276 flava,
1292 2213 1455 2264 lituris
1492 2217 1813 2279 sub-quinis
1849 2219 1940 2264 ni·-

352 2291 468 2358 gris‚
502 2290 641 2337 vario
676 2287 824 2334 modo
855 2285 1240 2333 confluentibus.
1292 2283 1484 2349 Corpus
1513 2288 1686 2332 subtus
1724 2287 1937 2351 nigrum,

349 2357 716 2427 punctulatum‚
754 2357 924 2403 antice'
954 2365 1141 2419 puncto
1177 2371 1279 2401 uno
1317 2352 1534 2402 alterove
1571 2357 1705 2403 ssavo
1741 2355 1802 2401 ad
1839 2374 1940 2420 pe-

353 2430 473 2478 dum
510 2429 831 2476 insertionem
884 2435 1126 2477 notatum,
1198 2422 1356 2472 Pedes
1390 2424 1686 2484 mediocres,
1724 2435 1807 2472 aut
1841 2426 1940 2473 fer-

348 2498 570 2565 ruginei,
609 2496 876 2546 femoribus
911 2495 1013 2542 basi
1050 2504 1099 2541 et
1135 2511 1348 2558 superne
1384 2495 1566 2559 nigris,
1600 2505 1686 2542 aut
1725 2495 1940 2542 maxima

351 2579 492 2636 parte
544 2569 699 2631 nigri,
748 2566 1017 2613 femoribus
1050 2581 1244 2629 semper
1299 2581 1476 2614 versus
1511 2565 1704 2631 apicem
1736 2575 1938 2613 externe

350 2635 544 2688 macula
578 2637 686 2684 alba
722 2636 923 2684 notatis.

359 2719 459 2776 16.
508 2715 574 2772 C.
622 2714 950 2788 insignis
998 2710 1241 2788 p.622.

360 2832 460 2885 17.
504 2810 569 2866 C.
613 2807 1069 2866 flav-flabris
1113 2826 1171 2882 p.
1211 2804 1364 2860 623.

431 2898 914 2978 Cryptoceplzalzts
945 2895 1285 2977 salemum,
1339 2893 1528 2949 Germ.
1572 2895 1695 2952 Ins,
1747 2895 1842 2973 Sp.
1881 2895 1958 2968 I„

515 2981 655 3042 556.
686 2979 826 3059 758.
853 2983 962 3038 vix
982 2981 1292 3046 distinctus
1313 2977 1560 3036 videtur.
1812 3056 1892 3106 Ob

1897 3076 1933 3109 S·
