2033 3398
304 141 387 221 76
772 137 775 139 ’
894 144 1319 203 Callidizcm.
1370 98 1381 102 -

397 293 650 352 Habitat
690 297 759 365 „in
810 297 1089 354 silvaticis
1146 296 1396 352 Sueciae
1431 294 1436 299 ’
1466 295 1893 370 meridionalis,

471 410 681 446 rarius.

407 505 600 553 Statura
635 514 685 552 et
722 521 914 552 summa
960 502 1171 550 affinitas
1219 501 1585 567 praecedentis,
1635 503 1892 550 minimis-

302 591 401 638 que
464 576 571 638 ejus
639 573 981 637 magnitudine
1054 571 1274 636 aequale.
1374 571 1566 638 Caput,
1629 583 1891 632 antennae,

299 643 510 703 thorax,
557 643 850 702 scutellum,
903 644 1053 705 elytra
1100 652 1156 688 ut
1201 642 1252 688 in
1301 641 1618 706 praecedenti
1669 642 1891 701 omnino,

299 713 450 760 modo
493 731 547 761 os
586 712 795 760 dilutius
833 712 1055 776 piceum,
1093 721 1337 758 antennae
1373 723 1645 758 extrorsum
1685 721 1732 757 et
1770 709 1891 773 ely-

299 793 374 830 tra
408 799 582 830 versus
620 783 809 847 apicem
850 782 1177 846 sub—picea3
1217 778 1371 843 elytra
1408 781 1554 826 etiam
1587 775 1724 844 apice
1760 781 1891 827 sub-

301 852 611 911 acuminata,
667 851 989 899 dehiscentia.
1073 850 1253 898 Pectus
1307 859 1355 896 et
1414 849 1659 896 abdomen
1723 859 1777 895 ut
1835 849 1923 895 in.

298 921 468 986 priori.
552 920 744 968 Pedum
776 915 1039 968 'structura'
1077 920 1224 966 etiarn
1284 919 1487 966 omnino
1539 918 1742 978 eadem,
1804 917 1890 965 sed

301 991 540 1039 semorum
582 989 724 1038 clava
759 988 887 1037 laete
924 990 1097 1048 rubra,
1133 987 1219 1036 vel
1254 990 1551 1054 sanguinea,
1604 988 1741 1052 apice
1779 988 1888 1053 ipso

298 1061 477 1128 nigro3
513 1057 663 1108 tibiae
704 1061 892 1108 anticae
929 1067 978 1107 et
1014 1058 1130 1106 tarsi
1164 1074 1334 1106 omnes
1369 1058 1554 1124 piceae.

305 1198 363 1256 6.
417 1199 481 1256 C.
519 1200 1069 1273 sanguineum:
1120 1196 1333 1269 breve,
1373 1190 1889 1270 depressum,'ni-

426 1313 633 1369 grum,
678 1313 859 1369 supra
899 1291 1060 1369 pube
1107 1293 1288 1348 densa
1333 1292 1611 1367 depressa
1640 1291 1888 1364 sangui-

422 1409 539 1445 nea
574 1397 831 1462 tectum,
879 1387 1122 1444 thorace
1147 1387 1430 1443 lateribus
1464 1384 1760 1460 angulato.

380 1498 552 1556 Fabr.
597 1497 766 1576 Payk.
817 1496 990 1555 Panz.
1034 1496 1274 1554 Sclzo'nlz.
1319 1498 1444 1573 Syn.
1473 1494 1527 1550 5.
1567 1490 1708 1551 452.
1751 1490 1855 1570 47.

382 1608 633 1666 Habitat
674 1612 736 1665 in
778 1609 972 1680 silvi5‚
1015 1608 1173 1684 apud
1213 1604 1341 1663 nos*
1363 1607 1587 1679 rarius3
1635 1606 1698 1660 in
1724 1604 1888 1678 liguo

470 1725 639 1763 caeso
671 1724 925 1779 quercus
954 1722 1145 1778 prope
1172 1701 1561 1776 Alingsiisiam
1599 1698 1686 1757 W
1689 1706 1888 1754 estro-

466 1801 704 1876 gothiae
751 1795 939 1855 semel
979 1800 1220 1874 copiose
1259 1797 1394 1870 legi.

402 1919 593 1965 Statura
622 1916 805 1974 brevis,
841 1912 959 1976 lata,
990 1912 1221 1978 depressa
1251 1910 1306 1959 C.
1339 1903 1670 1966 violacei,
1709 1916 1759 1954 et
1786 1906 1891 1954 mi·-

219 1999 222 2001 ’
300 1988 505 2036 noribus
554 1988 659 2049 ejus
710 1983 932 2048 aequale.
1021 1982 1183 2048 Caput
1246 1995 1488 2044 parvum,
1550 1975 1889 2034 rotundatum,

300 2060 529 2122 nigrum,
574 2056 737 2102 crebre
773 2050 1153 2119 punctulaturn,
1203 2052 1332 2098 inter
1370 2058 1606 2094 antennas
1645 2044 1893 2093 canalicu-

299 2124 482 2185 latum,
529 2125 689 2173 fronte
740 2123 860 2188 pilis
907 2121 1152 2186 depressis
1204 2117 1488 2183 sanguineis
1538 2126 1697 2177 tecta3
1761 2112 1893 2162 oculi

298 2194 542 2251 brunuei,
593 2191 840 2258 profunde
879 2189 1186 2255 emarginati.
1260 2187 1524 2234 Antennae
1577 2186 1719 2232 maris
1767 2182 1895 2230 lou-

301 2263 529 2330 gitudine
564 2262 663 2309 sere
701 2263 935 2326 corporis,
974 2260 1183 2306 feminae
1217 2253 1368 2322 paulo
1408 2256 1676 2309 breviores,
1717 2254 1893 2316 nigro-

298 2328 500 2400 piceae,
563 2349 737 2397 parurn
786 2329 988 2395 pilosae.
1079 2329 1283 2376 Thorax
1342 2326 1507 2372 brevis
1567 2335 1893 2382 transversus,

299 2404 407 2452 basi
455 2401 690 2465 apiceque
739 2412 1020 2459 truncatus,
1085 2397 1321 2446 lateribus
1368 2393 1689 2453 rotundatas,
1739 2389 1891 2456 paulo

299 2488 434 2539 pone
468 2470 686 2517 medium
726 2469 910 2536 angulo
951 2468 1229 2516 acuminato
1269 2476 1510 2523 armatus,
1560 2478 1708 2526 supra
1741 2463 1893 2508 inae-

301 2541 490 2606 qualis,
533 2541 690 2587 antice
729 2540 1018 2604 posticeque
1056 2537 1379 2591 constrictus,
1415 2543 1548 2580 totus
1586 2533 1741 2596 niger,
1780 2546 1895 2576 cre-

297 2614 387 2660 bre
435 2608 788 2675 punctulatus,
857 2610 988 2674 pube
1041 2606 1266 2672 longiore
1329 2603 1558 2668 depressa
1622 2600 1892 2665 sanguinea

296 2681 482 2741 nitida,
537 2680 673 2727 vario
728 2678 875 2725 modo
928 2679 1150 2726 contorta
1199 2683 1387 2732 tectus,
1438 2681 1720 2731 remanente
1762 2670 1893 2717 linea

299 2751 463 2800 media
502 2748 795 2797 sub-laevi
838 2747 971 2795 nuda
1021 2747 1183 2811 nigra3
1235 2744 1409 2792 subtus
1456 2742 1622 2805 niger,
1670 2748 1893 2804 puncta—-

300 2832 413 2881 tus,
459 2835 604 2884 parce
654 2819 1131 2882 rufo-pubescens,
1189 2814 1411 2878 margine
1475 2811 1638 2857 antico
1686 2808 1892 2855 densius

301 2889 489 2939 ciliato.
561 2886 842 2938 Scutellum
910 2884 1248 2934 serni—ovale
1295 2883 1522 2948 nigrum,
1584 2877 1892 2944 sanguineo-

303 2961 595 3027 pubescens,
667 2957 841 3023 Elytra
873 2955 1088 3007 thoracis
1123 2955 1226 3004 basi
1260 2949 1467 3000 dimidio
1494 2948 1685 3011 latiora,
1719 2956 1771 2995 et
1801 2943 1890 2992 illo

1760 3031 1893 3080 qua-
