2012 3398
721 95 1172 177 Choccinella.
1621 119 1741 183 179

130 255 213 288 mo
252 235 422 305 clypei
457 246 508 286 et
541 234 670 286 labri
704 237 883 304 ssavis3
920 236 1053 288 oculi
1091 238 1314 306 depressi
1348 240 1592 307 brunnei3
1637 263 1738 294 an*

128 321 311 357 tennae
346 318 480 355 totae
527 306 764 373 pallidae.
837 307 1045 357 Thorax
1090 311 1282 374 postice
1331 312 1424 360 sub
1442 314 1736 362 —rotunda-

125 389 240 440 tus,
280 378 441 425 antice
482 376 582 425 late
620 388 672 426 et
708 377 960 443 profunde
1011 379 1376 445 emarginatus,
1425 398 1574 448 supra
1615 400 1736 432 mo—

103 448 236 496 ·dice
277 464 564 507 convexus,
599 446 958 514 punctulatus,
994 446 1232 496 lateribus
1267 448 1369 497 late
1419 461 1470 498 et
1514 455 1733 503 anterius

124 527 334 582 anguste
369 517 609 564 sinuatim
649 518 845 578 ssavus,
895 516 1043 582 plaga
1096 518 1261 565 media
1309 520 1476 583 nigra,
1525 523 1734 572 maculis

118 587 314 634 duabus
350 584 610 651 oblongis,
645 587 864 651 paribus,
900 587 1308 652 divergentibus,
1345 589 1523 650 flavis,
1561 592 1732 640 inter-

120 656 243 704 dum
281 657 387 703 basi
423 656 816 704 confluentibus.
883 655 1161 704 Scutellum
1200 658 1453 706 minutum
1502 661 1729 729 triangu-

120 724 223 774 lere
275 724 489 792 nigrum.
574 723 748 789 Elytra
799 743 1003 791 magna,
1059 737 1232 788 ovata,
1295 739 1505 793 anguste
1542 734 1734 797 margi—-

120 805 266 856 nata,
317 811 576 857 convexa,
627 795 888 843 confertim
938 795 1228 845 evidentius
1274 808 1540 862 punctata,
1599 801 1654 849 in
1701 820 1730 850 a

117 866 291 930 nigra,
328 865 548 930 margine
584 863 861 926 humerali,
900 883 1047 931 saepe
1084 866 1147 913 ad
1184 867 1433 928 medium,
1471 872 1730 935 margine—

119 952 218 999 que
256 935 459 994 baseos,
514 933 773 982 interdurn
809 936 1085 1001 interrupte
1121 937 1298 1000 flavis,
1348 948 1465 985 ante
1502 941 1730 991 medium

118 1003 343 1051 maculae
378 1004 530 1065 duae,
569 1005 786 1052 exterior
819 1023 1000 1069 parva,
1055 1004 1296 1071 oblonga,
1344 1007 1728 1075 int1·a-margi-.

116 1073 276 1135 nalis,
324 1073 531 1121 interior
582 1090 784 1139 magna,
830 1073 1139 1139 inaequalis3
1187 1093 1320 1141 pone
1355 1077 1581 1127 medium
1621 1081 1728 1129 ite-

115 1162 230 1193 :rum
284 1143 411 1191 duae
465 1156 700 1209 magnae,
758 1143 1077 1209 irregulares,
1127 1145 1419 1211 angulatae,
1483 1151 1726 1200 exteriore

123 1212 418 1277 marginali3
467 1215 642 1277 quinta
691 1230 778 1261 seu
827 1213 1005 1262 ultima
1053 1216 1246 1280 apicem
1293 1226 1458 1265 totum
1496 1232 1725 1286 occupat,

122 1285 274 1332 etiam
314 1300 518 1349 magna,
570 1283 841 1345 difformis,
893 1301 1037 1350 saepe
1071 1302 1184 1332 cum
1223 1286 1455 1335 interiore
1494 1292 1726 1354 proxima

113 1355 402 1415 confluens,
456 1369 629 1401 omnes
666 1355 841 1401 flavae.
913 1354 976 1401 In
1011 1351 1337 1404 varietatibus
1388 1355 1522 1406 color
1558 1361 1722 1411 ssavus

111 1424 376 1471 dominans
413 1422 608 1483 evadit,
645 1433 701 1470 ut
734 1424 788 1470 in
825 1420 1027 1471 illarum
1063 1423 1387 1490 diagnosibus
1421 1427 1721 1484 indicatum.

112 1493 308 1558 Corpus
360 1493 536 1541 subtus
587 1493 815 1558 nigrum,
878 1492 1126 1555 nitidum,
1181 1496 1346 1543 crebre
1398 1509 1719 1565 punctatum,

94 1561 303 1612 'ventris
336 1559 492 1610 limbo
525 1564 748 1628 postico,
789 1573 1260 1629 segmentorumque
1292 1568 1599 1633 marginibus
1636 1571 1722 1618 in-

108 1632 306 1680 terdum
340 1634 583 1683 testaceis.
656 1631 815 1681 Pedes
853 1635 1084 1695 testacei,
1136 1633 1410 1686 femoribus
1459 1640 1720 1688 anteriori-

107 1704 203 1750 bus
238 1703 293 1749 in
332 1718 360 1748 a
398 1712 446 1749 et
482 1703 546 1765 b,
611 1703 1001 1770 nigro-piceis,
1054 1704 1108 1753 in
1149 1721 1174 1753 c
1213 1716 1263 1754 et
1299 1705 1364 1768 d,
1415 1706 1718 1776 plerumque

105 1772 226 1820 totis
262 1771 505 1822 testaceis.

111 1896 218 1951 25.
282 1894 346 1950 C.
396 1895 899 1970 impustulata
928 1916 940 1952 ι
1006 1896 1116 1954 sub
1146 1929 1183 1938 -
1213 1896 1711 1979 hemisphaerica,

224 1991 388 2046 varie
430 1990 725 2063 colorata,
774 1991 981 2065 elytris
1011 1992 1188 2050 latius
1220 1996 1583 2068 marginatis,

188 2079 350 2153 Illig.
395 2079 515 2136 Col.
550 2081 688 2137 Bor.
740 2098 789 2137 1.
835 2077 977 2159 459.
1018 2076 1115 2139 54.
1200 2083 1445 2142 Sclzo'nlz.
1485 2086 1613 2164 Syn.
1659 2097 1714 2142 2.

277 2160 413 2220 138.
465 2161 599 2221 104.

189 2250 248 2328 a)
296 2264 477 2330 supra
507 2274 683 2312 rosea
716 2254 814 2313 vel
842 2253 1206 2330 flavescenS,
1250 2257 1495 2316 thorace
1543 2277 1712 2336 pun-

264 2351 371 2405 ctis
415 2359 550 2407 octo
583 2351 803 2425 nigriS,
855 2349 1061 2424 elytris
1102 2362 1309 2410 sutura
1349 2356 1714 2433 punctisque

264 2444 553 2520 obliquis,
617 2446 814 2503 antice
858 2445 1094 2503 duobus
1145 2449 1430 2523 internis,
1479 2438 1713 2508 duobus

271 2544 560 2612 externis,
600 2549 728 2597 tum
760 2558 951 2597 unum
982 2542 1055 2598 ad
1081 2551 1350 2600 suturam
1381 2552 1441 2601 et
1467 2544 1712 2602 demum

265 2634 457 2691 tribus
499 2637 831 2711 posteriue,
890 2637 1113 2712 nigriS,
1178 2639 1364 2715 apice*
1404 2641 1710 2699 immacu-

194 2753 197 2755 ·
259 2727 397 2789 lato.
455 2730 622 2809 Illig.
654 2728 916 2788 Sclzbnlz.
951 2731 989 2787 l.
1030 2753 1076 2789 e.
1111 2753 1242 2791 var.
1276 2753 1332 2791 oc.

182 2815 517 2875 Coccinella
579 2818 1048 2894 16-maculata‚
1118 2822 1292 2883 Fabr·
1353 2821 1584 2885 lezmb·
1646 2819 1709 2880 C·

264 2903 494 2976 Rosea,
538 2905 630 2967 De
673 2902 836 2964 Ge'er.

996 2983 1055 3035 Μ
1092 3002 1124 3037 2
1563 2991 1712 3060 „Van
