2012 3398
647 127 1156 208 Staphylinus.
1579 114 1740 210 477»Α

100 302 207 343 20.
258 285 316 344 S.
360 280 848 340 molochinus
888 300 947 357 p.
984 280 1145 341 502.

194 381 340 439 Var.
367 400 427 452 c,
466 379 675 453 elytris
703 378 882 434 etiam
910 376 1125 450 nigris.'

193 475 449 532 Habitat
480 493 616 529 cum
643 472 945 549 prioribus
976 468 1187 528 rarius.

209 560 504 609 Simillimus
555 577 610 621 a,
671 558 758 606 sed
793 557 950 624 elytra
983 568 1088 605 tota
1135 555 1305 623 nigra3
1363 568 1610 606 antennae
1657 565 1705 604 et*

98 630 253 697 pedes
290 627 776 695 fusco-ferruginei.
861 627 942 675 Ab
995 628 1090 680 St.
1126 629 1316 676 tristi
1376 627 1704 697 distinguitur

103 702 267 749 fronte
309 702 616 766 impunctata
652 709 715 746 et·
738 696 947 747 scutello
983 696 1300 763 punctulato.

105 811 249 849 20—
272 812 304 848 2
327 812 377 847 1.
413 793 467 847 S.
495 790 881 847 lateralis:
931 791 1133 864 niger,
1188 786 1441 865 nitidus,
1483 800 1704 849 anten-

223 907 441 946 narum
466 885 609 957 basi,
649 886 982 960 elytrorum
1009 886 1279 959 margine
1305 886 1540 943 laterali
1571 898 1704 943 tar—-

227 985 428 1058 sisque
453 979 1066 1056 fusco-eferrugineis,
1105 980 1306 1038 fronte
1334 984 1705 1062 scutelloque

229 1077 633 1153 impunotatis.

194 1170 377 1225 Grai).
421 1167 593 1223 Micr.
639 1160 736 1222 55.
777 1161 875 1222 50.
960 1164 1235 1240 Monogr.
1274 1162 1375 1225 42.
1423 1162 1484 1227 4.

189 1259 441 1315 Habitat
486 1258 550 1311 in
589 1254 790 1329 fungis
830 1257 1087 1330 putridis
1126 1277 1320 1332 prope
1358 1258 1706 1317 Londinum

281 1353 549 1422 Scaniae,
575 1352 784 1405 rarius,
829 1351 1010 1406 Dom.
1038 1352 1217 1428 Profl
1249 1353 1646 1412 Zettersteclt.

216 1438 534 1505 Magnitudo,
571 1447 759 1485 statura
795 1447 845 1484 et
870 1437 1081 1486 affinitas
1116 1438 1154 1485 >S
1172 1449 1206 1486 t.
1243 1439 1459 1488 tristis
1496 1450 1546 1487 et
1580 1459 1708 1490 rno-

111 1508 417 1573 Iochini3
457 1508 516 1554 ab
551 1517 761 1570 utroque
798 1517 963 1554 tamen
1003 1507 1197 1570 differt,
1247 1511 1469 1575 margine
1515 1509 1712 1561 laterali

109 1580 381 1644 elytrorum
442 1576 541 1624 late
600 1575 1071 1643 rufo-yferrugine03
1133 1596 1160 1625 a
1233 1580 1386 1643 priori
1442 1591 1712 1644 praeterea,

110 1650 275 1698 fronte
312 1646 475 1695 media
505 1647 820 1710 impunctata
859 1658 909 1693 et
944 1665 971 1693 a
1005 1648 1268 1712 posteriori
1315 1648 1524 1698 scutello
1577 1649 1713 1701 laevi

111 1732 205 1769 etc.
281 1718 445 1782 Caput
475 1715 824 1776 rotundatum,
863 1717 1091 1783 nigrum,
1129 1718 1513 1782 nitidissimum,
1550 1717 1713 1784 laeve,

110 1799 307 1856 puncto
346 1787 494 1834 unico
531 1786 673 1848 juxta
718 1784 970 1851 singulum
1011 1785 1213 1834 oculum
1247 1790 1509 1853 utrinque,
1561 1802 1715 1839 ante—

111 1861 250 1919 rius,
303 1867 353 1903 et
397 1855 548 1902 altero
599 1856 873 1919 posterius,
923 1855 1080 1905 nullis
1127 1874 1246 1905 vero
1294 1855 1348 1905 in
1398 1856 1535 1908 disco
1574 1861 1713 1909 fron-

111 1930 208 1991 'tis3
259 1944 313 1974 os
362 1925 889 1989 rufo-serrugineum3
951 1926 1084 1974 oculi
1134 1925 1441 1989 majusculi‚‘·
1489 1928 1714 1996 oblongi,

115 1995 554 2063 nigro-brunnei.
641 1996 906 2041 Antemnae
955 1997 1255 2057 mediocres,
1327 1998 1716 2063 nigro-fuscae,

116 2068 339 2134 pilosae,
401 2061 607 2111 articulo
658 2064 819 2128 primo
870 2075 1006 2126 toto,
1071 2066 1294 2115 secundo
1330 2069 1574 2132 tertioque
1609 2071 1718 2119 basi

117 2135 501 2186 rufescentibus.
571 2133 776 2181 Thorax
814 2133 1036 2199 amplus,
1090 2138 1251 2184 antice
1286 2138 1717 2206 sub-emargina-

115 2217 230 2266 tus,
268 2205 502 2253 lateribus
541 2214 590 2251 et
622 2205 810 2269 postice
840 2205 1146 2268 rotundatus,
1184 2224 1329 2271 supra
1368 2207 1562 2256 modice
1588 2227 1721 2258 con—

117 2292 315 2333 vexus,
374 2284 506 2321 totus
559 2274 725 2339 niger,
773 2274 1131 2337 nitidissimus,
1184 2274 1533 2339 laevissimus,
1585 2291 1719 2329 certo

121 2347 223 2393 situ
270 2342 797 2405 metallico—mican33
871 2344 925 2390 in
984 2340 1129 2394 dorso
1186 2348 1431 2395 anteriore
1484 2349 1720 2415 utrinque

122 2424 311 2480 puncta
344 2413 433 2459 tria
483 2428 658 2476 parva,
715 2411 959 2474 obsoleta,
1010 2411 1214 2480 oblique
1258 2417 1440 2481 posita.
1511 2418 1722 2468 Scutel-

121 2484 230 2532 lum
266 2479 588 2546 triangulare,
624 2482 850 2547 nigrum,
886 2483 1274 2547 nitidissimum,
1314 2487 1521 2537 omnino
1557 2487 1719 2540 laeve.

122 2553 302 2615 Elytra
350 2550 560 2598 thoracis
610 2552 772 2599 medio
820 2555 1108 2615 angustiora
1159 2567 1208 2603 et
1256 2555 1347 2605 illo
1393 2575 1566 2622 parum
1600 2558 1724 2608 lon-

126 2624 286 2688 giora,
323 2637 469 2684 supra
507 2620 673 2667 minus
709 2638 965 2683 convexa,
1003 2624 1169 2690 nigra,
1223 2627 1553 2692 sub-opaca,
1593 2630 1724 2678 sub.-

126 2691 280 2739 tiliter
316 2699 582 2755 punctata,
622 2690 961 2753 pubescentia,
1001 2695 1223 2759 margine
1261 2694 1450 2744 laterali
1486 2709 1590 2747 'toto
1625 2698 1725 2748 late

126 2760 317 2826 pallide
352 2769 584 2806 testaceo.
634 2758 900 2806 Abdomen
938 2777 1072 2824 pone
1100 2763 1256 2828 elytra
1291 2764 1611 2832 longitudine
1637 2787 1728 2816 re-

128 2830 256 2894 liqui
307 2829 553 2894 corporis,
606 2828 835 2892 nigrum,
892 2828 1118 2881 violaceo
1143 2862 1180 2869 -
1218 2844 1269 2881 et
1302 2840 1725 2899 aeneo-micans,

126 2900 378 2966 pilosum,
425 2896 804 2961 punctulatum,
863 2899 1085 2963 margine
1128 2900 1322 2952 laterali
1366 2905 1464 2954 alte
1514 2906 1728 2968 elevato,

129 2987 226 3019 ano
274 2968 598 3034 rufo—piceo.
671 2965 862 3035 Corpus
913 2969 1091 3022 subtus
1142 2974 1366 3042 nigrum,
1412 2987 1726 3042 punctatum,

1621 3063 1728 3113 PU-
