2033 3398
277 123 346 170 1v
731 107 1388 192 Praefatio.

281 274 479 319 novae
505 257 885 318 Insectorum
914 261 1158 339 Species
1191 265 1470 322 inventae
1501 274 1674 339 sunt,
1697 257 1701 260 ’
1726 287 1879 344 quae

283 370 360 426 ad
396 368 675 425 Familias
719 371 782 426 in
819 372 1119 447 prioribus
1161 372 1339 449 hujus
1371 377 1568 450 operis
1615 377 1883 452 partibus

257 478 610 535 recensitas
647 480 983 554 pertinent,
1039 501 1182 555 quas
1232 482 1465 558 itaque,
1525 493 1660 541 utut
1709 506 1743 541 a
1784 505 1882 541 me

284 585 559 645 nondum
623 587 949 664 descriptas
964 630 980 661 ,
1047 592 1364 664 appendici
1410 591 1552 649 huic
1614 595 1883 650 inserere

288 696 524 754 animus
578 694 706 753 fuit.
800 696 1042 754 Recens
1098 700 1548 758 observatorum
1598 722 1886 778 permag—

285 824 427 863 nam
464 803 655 862 debeo
696 815 931 883 partem
971 807 1136 865 hisce
1174 808 1414 869 Domm.
1447 811 1884 888 EntomologiS,

287 913 390 992 qui
421 931 535 989 pro
575 933 676 987 ea,
723 935 877 991 quae
914 935 1024 973 nos
1055 918 1371 976 intercedit
1410 922 1702 995 amicitia,
1751 942 1787 978 a
1821 942 1885 978 se

285 1024 535 1082 inventa
571 1031 632 1080 et
666 1024 979 1084 observata
1020 1026 1277 1105 benigne
1322 1049 1558 1087 mecum
1602 1050 1884 1088 commu-

286 1133 599 1206 nicarunt,
643 1134 899 1194 scilicet:

433 1241 618 1300 Dom.
656 1243 720 1305 C.
756 1243 813 1302 J.
853 1245 1205 1305 Schb'nlzerr
1240 1248 1306 1306 in
1344 1248 1486 1308 villa
1524 1248 1888 1326 Sparrsiiter,

289 1368 327 1409 a
393 1350 680 1409 Conciliis
750 1353 1311 1431 Commerciorum‚
1371 1359 1474 1434 qui
1529 1361 1886 1417 amicissime

290 1458 442 1518 mihi
479 1463 915 1539 suppeditavit,
964 1484 1115 1541 quae
1158 1467 1397 1542 copiosa
1447 1467 1576 1544 ejus
1615 1469 1889 1526 collectio

291 1567 700 1644 Insectorum,
752 1575 1045 1650 exquisita
1073 1575 1531 1652 Entomologiae
1570 1577 1790 1653 peritia
1827 1584 1891 1634 et

293 1677 653 1740 observandi
691 1701 977 1757 acumen,
1037 1685 1112 1741 ad
1153 1703 1302 1761 opus
1337 1683 1457 1742 hoc
1505 1686 1886 1764 amplifican-

294 1787 441 1846 dum
483 1796 544 1845 et
585 1792 1050 1867 perpoliendum
1089 1796 1460 1871 suggesserit.

442 1897 619 1955 Dom.
665 1899 725 1956 C.
767 1900 844 1958 R.
881 1903 1214 1983 Sahlberg,
1256 1900 1498 1978 Aboae,
1548 1902 1892 1960 Medicinae

296 2001 560 2081 Doctor,
607 2007 921 2068 Professor
957 2021 1016 2069 et
1054 2012 1287 2089 Eques,
1338 2015 1440 2090 qui
1483 2034 1518 2070 a
1557 2013 1738 2088 longo
1778 2012 1893 2069 ab-

296 2111 444 2173 hinc
481 2123 756 2195 tempore
804 2139 838 2176 a
875 2139 941 2178 se
983 2123 1227 2181 inventa
1276 2143 1516 2180 mecum
1564 2121 1893 2199 per—offi-

300 2222 461 2280 ciose
487 2229 985 2304 communicavit,
1036 2234 1325 2309 cujusque
1366 2253 1398 2290 e
1431 2233 1895 2289 commentatio-

302 2333 481 2391 nibus
533 2336 608 2394 de
656 2337 902 2397 Insectis
941 2341 1254 2415 Fennicis,
1315 2342 1690 2418 quarundam
1746 2338 1900 2396 mihi

302 2443 643 2520 ignotarum
677 2448 1025 2525 Specierum
1085 2452 1515 2527 descriptiones
1554 2449 1899 2507 exscribere

306 2573 485 2613 ausus
540 2576 692 2614 sum.‘
783 2558 914 2616 Etsi
966 2561 1208 2637 quidem
1250 2561 1569 2618 Finlandia
1629 2579 1662 2615 e
1699 2554 1901 2630 Regni

307 2664 556 2738 Sveciae
596 2669 932 2727 Provinciis
983 2689 1116 2727 esse
1167 2671 1370 2744 desiit,
1442 2688 1646 2726 meum
1695 2675 1900 2722 tamen

308 2793 439 2833 esse
479 2778 849 2851 existimavi,
899 2779 983 2836 ibi
1036 2798 1247 2837 recens
1287 2781 1531 2839 inventa
1581 2792 1901 2834 recensere

307 2885 537 2946 Insecta
551 2929 574 2960 ,
618 2887 911 2966 probabili
942 2889 1043 2946 illa
1074 2890 1284 2948 ductus
1309 2888 1681 2965 conjectura,
1721 2882 1902 2940 hasce

1741 2993 1901 3069 Spe-
