2012 3398
318 152 433 210 172
882 137 1349 201 ‚Coccinella

393 281 542 353 ναῖ’.
590 284 668 357 h,
727 287 971 358 eadem,
1030 289 1270 364 -adjecto
1322 297 1552 365 puncto
1613 292 1915 350 scutellari

482 383 836 453 communi,
913 382 1272 460 plerumque
1356 385 1620 460 didymo·
1748 388 1914 466 Illig.

477 475 742 533 Sclzb'lzlc.
795 496 929 535 var.
979 498 1020 533 ι.

405 603 551 663 ναῖ’.
595 605 647 676 ι’,
698 612 768 660 ut
816 623 941 662 ναῖ’.
980 617 1058 681 g,
1123 605 1355 682 adjecto
1394 615 1619 684 puncto
1664 610 1916 684 postica,

479 706 581 755 aut
606 700 940 775 marginali,
991 708 1095 756 aut
1136 702 1404 760 suturali.
1444 703 1621 782 flag.
1651 704 1913 763 Sclz'dnlz.

481 814 616 853 var.
665 817 722 858 κ.

400 908 545 968 ναῖ’.
573 909 643 982 k,
692 909 935 982 eadem,
984 909 1176 986 elytro
1207 911 1440 987 singulo
1464 913 1701 989 punctis
1731 914 1913 989 quin-'-

483 1023 633 1080 que‚
688 1023 711 1060 1
737 1047 755 1077 9
796 1006 869 1075 5,
925 1023 951 1060 1
977 1047 993 1077 ‚
1040 1006 1329 1062 interiore
1375 1017 1436 1064 et
1461 1008 1762 1064 scutellari
1798 1007 1914 1063 ob-

480 1100 690 1158 soleto,
749 1099 916 1176 Illig.
944 1100 1216 1160 Sch’cinlz.
1257 1122 1390 1161 var.
1431 1103 1482 1159 λ.

396 1229 541 1289 ναῖ’.
579 1228 634 1300 l,
681 1229 927 1284 omnino
971 1237 1039 1286 ut
1086 1249 1206 1286 var.
1236 1230 1306 1301 k,
1357 1230 1461 1286 sed
1500 1237 1724 1306 puncta
1766 1229 1912 1286 tho-

476 1325 630 1381 racis
661 1324 930 1395 dilatata,
969 1326 1347 1400 confluentia,
1387 1325 1623 1402 plagam
1651 1326 1912 1382 mediam

479 1421 713 1495 nigram
744 1412 1080 1476 formantia.

398 1535 543 1594 ναῖ’.
579 1555 675 1606 m,
723 1535 970 1590 omnino
1019 1541 1085 1589 ut
1120 1552 1241 1590 var.
1280 1535 1347 1605 k,
1388 1534 1491 1589 sed
1530 1541 1754 1608 puncta
1793 1534 1912 1590 duo

411 1642 414 1645 '
473 1631 751 1707 postica,
808 1629 885 1685 ad
937 1637 1259 1704 utrumque
1312 1630 1642 1702 marginem
1702 1649 1911 1701 unum,

484 1725 758 1799 adeoque
823 1741 932 1782 sex
1003 1725 1079 1803 in·
1139 1724 1375 1798 singulo
1454 1723 1662 1797 elytm.
1746 1723 1911 1799 Illig.

472 1818 739 1878 Sclzbnlz.
791 1837 924 1878 ναν.
970 1843 1035 1899 μ.

397 1934 542 1993 ναῖ’.
584 1955 659 2006 n,
708 1934 953 1989 omnino
1001 1939 1069 1988 ut
1116 1951 1239 1990 var.
1280 1953 1370 2003 m,
1418 1931 1649 2007 adjecto
1687 1937 1912 2007 puncto

396 2024 417 2069 j
475 2029 777 2087 scutellari
826 2028 1161 2101 communi,
1207 2045 1384 2102 saepe
1425 2028 1683 2100 didymo,
1745 2025 1911 2101 Illig.

483 2124 747 2182 Schbnlz.
793 2142 927 2182 var.
982 2135 1038 2178 ν.
1792 2136 1795 2137 ’

399 2238 546 2298 ναῖ’.
576 2260 647 2310 0,
696 2237 941 2294 omnino
985 2243 1050 2291 ut
1084 2254 1205 2293 var.
1243 2256 1314 2306 n,
1356 2234 1460 2290 sed
1502 2239 1725 2307 puncta
1773 2231 1912 2305 ely-

480 2343 713 2389 trorum
750 2332 982 2409 majora
1022 2338 1082 2386 et
1123 2328 1696 2401 thoracis-dilatata,
1756 2345 1911 2384 con-

481 2428 746 2485 fluentia.

399 2541 544 2601 Var.
580 2562 664 2619 p,
708 2536 916 2599 eadem
953 2558 1022 2594 ac
1063 2557 1185 2595 ναῖ’.
1214 2560 1289 2608 η,
1336 2539 1438 2594 sed
1466 2538 1652 2611 trigae
1678 2533 1911 2590 mediae

481 2646 774 2713 punctum
813 2638 1117 2692 internum
1158 2633 1328 2689 valde
1370 2633 1711 2701 dilatatum,
1773 2647 1910 2684 cum

492 2733 767 2805 opposito
812 2732 877 2786 in
927 2728 1221 2785 maculam
1270 2727 1592 2782 centralem
1649 2718 1912 2798 conjun—

484 2833 677 2896 ctum,
728 2825 1029 2882 interdum
1069 2824 1244 2879 etiam
1279 2842 1415 2880 cum
1460 2823 1600 2879 stria
1639 2820 1914 2891 elongata

481 2920 729 2977 suturali
764 2936 1128 2978 connexum.

1767 3002 1911 3060 ναΐ.
