2012 3398
229 163 356 227 406
648 165 1168 247 Ἀρρεηᾱὶωαᾱ
1206 169 1270 225 Ρ.
1316 169 1414 226 ΙΙ.

326 311 620 388 Peryplzus
654 315 970 391 rupestris',
1007 313 1145 386 Dej.
1187 313 1311 371 Cat.
1341 333 1403 390 p.
1454 331 1547 389 17.

330 400 478 461 Var.
526 401 561 459 b
589 445 612 473 ,
674 405 1007 478 elytrorum
1056 405 1306 460 maculis
1359 403 1649 477 dilatatis,
1716 402 1842 459 fere

282 491 285 494 ’
418 497 889 571 confluentibUS‚
927 498 1361 574 pallidioribus.

333 590 582 648 Habitat
612 595 685 648 ad
711 595 873 668 ripas
902 593 1139 649 lacuum
1175 601 1234 648 et
1259 593 1581 648 fluviorum
1605 594 1842 668 passim.

356 678 639 746 Descriptio
693 678 788 729 loc,
829 681 911 728 cit.
950 679 1088 740 data,
1140 679 1262 727 huic
1307 680 1577 744 competit,
1637 680 1715 727 cui
1749 679 1848 726 ad·-

252 746 504 796 dendum:
569 749 764 797 duobus
815 750 1193 813 insequentibus
1242 749 1389 814 paulo
1447 750 1616 811 majus.
1703 748 1849 814 Palpi

253 819 548 885 ferruginei,
604 820 697 867 vix
737 821 876 884 apice
916 820 1268 868 fuscescentes.
1341 818 1602 867 Antennae
1650 829 1850 866 extror-

255 905 369 936 sum
416 889 610 948 fuscae,
674 888 892 936 articulis
943 890 1099 936 tribus
1145 890 1316 954 primis
1366 900 1416 936 et
1477 889 1579 935 basi
1628 887 1851 952 plurium

252 958 628 1021 insequentium
665 958 967 1024 ferrugineis.
1039 959 1198 1006 Pedes
1233 961 1328 1008 toti
1366 958 1644 1023 ferruginei.

263 1076 352 1130 ¹7·-
372 1058 427 1112 8.
472 1056 539 1111 B.
580 1055 959 1112 femor-atu
982 1076 1069 1113 ni:
1129 1057 1453 1130 oblongum
1481 1097 1498 1128 ‚
1564 1056 1855 1111 sub—de—

294 1146 298 1153 ’
384 1171 655 1227 pressum
683 1194 699 1223 ,
759 1171 941 1226 supra
994 1153 1182 1207 viride
1210 1193 1226 1224 ‚
1289 1157 1684 1206 antennarum
1730 1152 1856 1207 basi

381 1246 539 1302 tibiis
556 1247 845 1322 tarsisque
863 1247 1237 1320 ferrugineiS,
1273 1247 1478 1320 elytris
1494 1245 1857 1302 rufescenti—

387 1340 792 1416 bimaculati57
841 1344 998 1398 striis
1026 1342 1282 1399 laterum
1314 1350 1374 1398 et
1405 1342 1588 1417 apicis
1629 1361 1852 1401 evane-

392 1437 707 1493 scentibus.

348 1525 638 1603 Peryplzzcs
666 1526 1040 1604 Ῐειηοναῑαε,
1090 1524 1227 1598 Dej.
1267 1524 1390 1582 Cat.
1426 1545 1489 1602 p.
1540 1544 1632 1602 17.

349 1616 490 1674 Var.
519 1616 571 1688 b,
621 1615 957 1692 elytrorum
981 1617 1225 1673 maculis
1253 1617 1522 1690 dilatatis,
1554 1616 1682 1672 fere
1709 1635 1861 1672 con—

439 1713 760 1768 fluentibus
788 1714 1024 1788 pallidis
1053 1733 1158 1768 seu
1194 1711 1422 1769 albidis,

352 1806 596 1862 Habitat
624 1809 689 1864 in
724 1810 996 1883 aquosiS,
1047 1807 1155 1864 sub
1186 1807 1517 1882 lapidibus,
1567 1805 1866 1881 frequens,

375 1893 693 1942 Praecedenti
731 1894 1068 1955 simillimum,
1107 1894 1206 1942 sed·
1231 1893 1382 1959 paulo
1421 1895 1588 1941 minus
1628 1903 1678 1939 et
1720 1892 1867 1939 inse-

272 1966 539 2028 quentibus
590 1965 870 2013 diversum:
934 1964 1200 2029 Palporum
1260 1963 1494 2011 articulus
1557 1959 1869 2027 penultimus

272 2045 480 2082 saturate
524 2036 677 2099 niger.
751 2036 1012 2082 Antennae
1054 2035 1245 2100 nigrae,
1296 2032 1500 2081 articulo
1548 2032 1870 2096 primo'toto,

271 2119 335 2164 2,
375 2106 432 2165 3,
473 2105 723 2152 interdum
762 2107 909 2152 etiam
945 2106 977 2151 4
1014 2105 1118 2150 basi
1157 2114 1348 2151 tantum
1402 2102 1710 2166 ferrugineis.
1771 2100 1873 2146 Fe-

277 2191 412 2222 mora
450 2176 604 2240 nigra,
645 2177 783 2240 apice
821 2173 936 2239 plus
967 2175 1197 2221 minusve
1228 2172 1519 2236 ferruginea.
1587 2168 1733 2218 Color
1758 2167 1874 2234 ple-

274 2260 484 2307 rumque
516 2246 784 2306 obscurior,
821 2244 1288 2310 nigro—virescens.
1363 2241 1533 2290 Cetera
1568 2251 1624 2287 ut
1647 2240 1700 2286 in
1723 2256 1876 2305 prae-

276 2313 483 2360 cedente
524 2316 706 2364 omnia.
1865 2316 1868 2320 ’

381 2381 504 2433 Obs.
552 2383 722 2431 Variat
769 2384 916 2431 etiam
955 2382 1220 2430 femoribus
1268 2382 1387 2428 totis
1424 2379 1770 2444 rufo-piceis,
1818 2389 1877 2426 ut

281 2463 332 2499 et
367 2453 495 2500 striis
531 2451 799 2516 elytrorum
839 2469 866 2516 7
888 2455 998 2500 -8
1049 2450 1330 2499 lateralibus
1380 2461 1430 2498 et
1467 2451 1619 2515 apicis
1657 2449 1877 2496 eviden-

281 2522 519 2580 tioribus,
558 2521 692 2569 unde
728 2523 785 2570 B.
823 2521 1098 2570 saxatili
1136 2519 1449 2582 simillimus,
1496 2519 1584 2568 sed
1623 2527 1877 2565 antenna-

282 2609 392 2639 rum
431 2590 564 2640 color
604 2603 835 2641 constans
875 2592 1155 2658 distinguit.

291 2710 325 2767 7
346 2691 454 2746 -8.
505 2690 570 2746 B.
625 2710 650 2745 s
669 2690 961 2746 axatile
988 2706 1004 2748 ε
1080 2691 1400 2762 oblongum
1431 2729 1448 2757 ‚
1510 2688 1877 2760 depressum,

409 2787 976 2859 nigro—virescens,
1034 2786 1308 2840 antennis
1358 2782 1726 2857 pedibusque
1765 2779 1881 2833 ob·-

409 2898 583 2934 scure
635 2879 1028 2954 ferrugineis,
1103 2879 1311 2953 elytris
1376 2875 1510 2932 rufo
1539 2907 1576 2916 -
1609 2876 1882 2930 bimacu-

407 2975 577 3045 latis,
626 2977 780 3031 striis
811 2976 884 3031 ad
907 2976 1147 3053 *apicem
1181 2970 1653 3030 excurrentibus.

1715 3056 1885 3133 Pery-
