2012 3398
631 114 1091 175 Coccinella.
1579 131 1696 193 191.

249 269 328 326 sis
357 274 591 324 tantum
617 267 908 343 supersit,
956 273 1167 325 vertex
1211 265 1421 342 capitis
1460 271 1522 322 et
1556 284 1696 322 ma·-

254 366 422 420 xima
451 382 591 437 pars
617 362 883 419 thoracis
905 362 970 418 in
987 360 1081 419 his
1107 361 1286 418 etiam
1310 362 1497 437 nigra.
1523 360 1691 440 Illig.

252 457 519 516 Schbnh.
551 457 590 513 l.
624 477 755 515 var.
783 477 840 516 κ.

170 565 314 624 Var.
345 586 418 644 q,
472 565 683 640 elytris
724 566 944 641 nigris,
995 561 1234 623 macula
1274 565 1474 621 media
1517 582 1695 621 com-

249 664 421 718 muni
470 660 848 735 ferruginea,
926 661 1217 737 apiceque
1281 659 1448 730 rufO,
1511 659 1695 716 fascia.

260 756 603 815 abbreviata
628 757 829 830 nigra,
873 754 1121 812 thorace
1164 755 1513 831 ferrugineo
1556 774 1696 811 me—

263 853 363 908 dio
392 853 583 928 nigro·
646 851 813 930 Illig.
837 851 1099 910 Sclzo'nlz.
1131 851 1171 909 l.
1201 872 1248 907 c.
1278 871 1409 910 var.
1437 852 1489 907 λ.

173 966 317 1026 Var.
350 986 414 1039 r,
459 986 638 1042 supra
667 969 873 1042 nigra,
925 967 1121 1043 capite
1161 967 1391 1038 antioc,
1436 964 1698 1021 thoracis

260 1062 546 1119 lateribus
574 1071 824 1137 anguste
856 1063 1311 1139 elytrorumque
1343 1062 1514 1137 apice
1535 1103 1552 1133 ,
1592 1059 1698 1116 sa-

257 1160 378 1214 scia
403 1159 574 1232 nigra
598 1159 971 1235 interrupte,
1018 1158 1184 1218 rufis.
1233 1157 1400 1235 Illig.
1434 1155 1699 1215 Sclzbnlz.

263 1253 301 1309 l.
334 1273 382 1308 c.
414 1273 545 1311 var.
578 1270 648 1327 μ.

171 1368 422 1426 Habitat
451 1369 516 1424 in
550 1367 900 1442 fruticibus,
939 1368 1191 1444 plantiS,
1234 1369 1526 1444 gramine,
1563 1366 1694 1424 fre-

253 1482 476 1541 quen83
527 1466 844 1523 varietates
873 1483 1018 1525 vero
1054 1486 1103 1539 e,
1139 1466 1206 1542 f}
1249 1486 1330 1539 m,
1361 1485 1418 1543 q,
1460 1484 1516 1538 r,
1555 1482 1696 1521 raro

261 1567 604 1616 occurrunt.

191 1694 396 1754 Minor,
433 1693 879 1762 “hemisphaerica,
939 1705 1095 1744 tenue
1150 1696 1447 1762 pubescens,
1534 1694 1700 1762 Caput

91 1782 334 1831 parvum,
372 1764 655 1828 deflexum,
691 1766 885 1826 rufum,
922 1767 1086 1813 crebre
1125 1765 1475 1831 punctulatum
1500 1802 1514 1827 ,
1567 1784 1700 1814 ocu-

91 1835 156 1883 lis
193 1835 371 1898 nigri83
407 1834 462 1881 in
497 1835 683 1884 vertice
721 1852 868 1900 saepe
909 1834 1098 1882 macula
1134 1837 1304 1900 nigra,
1343 1854 1468 1900 quae
1504 1837 1559 1884 in
1596 1854 1700 1886 va·-

91 1905 351 1952 rietatibus
395 1905 614 1952 obscuris
665 1906 847 1967 major,
896 1900 1109 1952 dilatata.
1194 1906 1398 1954 Thorax
1446 1906 1700 1955 brevissi-

92 1990 232 2031 mus,
269 1973 430 2020 antice
462 1973 559 2021 late
597 1974 684 2022 sed
720 1992 896 2040 parum
937 1974 1184 2040 prosunde
1223 1978 1569 2042 emarginatus,
1611 1975 1700 2024 la·-

90 2044 285 2091 teribus
323 2055 527 2108 anguste
564 2046 1128 2111 reflexo-marginatus,
1168 2062 1315 2111 supra
1347 2045 1541 2093 modice
1578 2063 1701 2094 con-

92 2130 288 2174 vexus,
340 2114 506 2167 crebre
554 2112 908 2179 punctulatus,
961 2117 1266 2179 pubescens,
1319 2116 1702 2182 rufo—ferrugi—

91 2200 248 2242 neus,
288 2194 373 2230 aut
407 2183 790 2246 immaculatus,
829 2195 914 2232 aut
947 2184 1138 2232 macula
1173 2186 1321 2233 unica
1365 2185 1525 2233 media
1559 2187 1700 2251 nigra

90 2263 320 2311 notatus,
360 2264 445 2301 aut
477 2264 663 2318 puncto
700 2272 801 2302 uno
841 2253 927 2302 vel
964 2254 1158 2304 duobus
1206 2257 1443 2320 utrinque
1490 2257 1701 2321 praedi-

91 2332 208 2383 tus,
248 2333 334 2370 aut
367 2323 573 2389 insuper
610 2322 773 2372 lituris
810 2323 889 2373 his
927 2323 1173 2386 dilatatis,
1215 2327 1602 2388 confluentibus,
1643 2327 1699 2374 in

92 2390 291 2457 plagam
329 2410 560 2460 magnam
595 2395 814 2459 nigram,
860 2412 1019 2458 usque
1068 2395 1190 2443 dum
1226 2397 1376 2445 modo
1416 2413 1582 2462 margo
1616 2394 1701 2443 la-

94 2461 260 2509 teralis
297 2460 530 2528 pallidior
565 2475 800 2512 remanet.
873 2463 1152 2513 scutellum
1205 2466 1485 2522 mediocre,
1535 2467 1700 2514 trian-

92 2529 287 2596 gulare,
342 2533 554 2597 nigrum.
636 2532 808 2597 Elytra
873 2552 1080 2600 magna,
1143 2535 1566 2601 hemisphaerica,
1643 2537 1699 2584 in

91 2600 258 2649 medio
314 2600 445 2649 dorsi
497 2602 594 2650 iere
645 2604 879 2669 gibbosa‚
951 2605 1202 2670 posterius
1265 2608 1420 2672 magis
1482 2605 1700 2655 declivia

95 2687 244 2733 quam
283 2671 337 2717 in
373 2671 543 2735 priori,
580 2671 818 2721 lateribus
854 2685 1064 2739 anguste
1102 2677 1389 2740 marginata,
1425 2677 1564 2741 apice
1602 2677 1700 2723 mi-

93 2757 190 2787 nus
241 2743 548 2801 acuminata,
599 2759 745 2807 supra
791 2743 1276 2810 rufo-ferruginea,
1340 2746 1700 2794 confertissime

92 2808 415 2873 punctulata,
463 2821 614 2859 tenue
666 2814 1018 2877 pubescentia,
1079 2826 1166 2862 aut
1212 2816 1555 2880 impunctata,
1613 2825 1702 2862 aut

94 2878 295 2942 punctis
345 2897 579 2943 numero,
651 2882 995 2948 magnitudine
1061 2895 1111 2931 et
1173 2886 1502 2933 connectione
1546 2883 1698 2933 valde

94 2948 404 2999 variantibus
441 2962 628 3016 ornata,
661 2962 718 3000 ut
752 2954 806 3001 in
846 2951 1170 3019 diagnosibus
1207 2956 1500 3005 varietatum
1539 2954 1700 3002 fusius

1556 3022 1702 3071 indi-
