2012 3398
304 129 421 190 14ss
872 128 1332 190 Coccinella.

299 294 416 345 gae,
467 274 810 323 fuscescentes.
881 274 1059 325 Pectus
1099 277 1327 343 nigrum,
1384 275 1626 337 nitidum,
1679 288 1907 344 punctu-

297 349 485 407 latumx,
522 343 766 392 abdomen
802 346 977 394 subtus
1014 345 1254 412 planum,
1305 344 1490 411 pallide
1525 345 1722 409 lusum,
1773 366 1906 396 con-

298 418 465 466 leitim
504 413 870 480 punctulatum‚
907 416 959 463 in
998 416 1161 464 medio
1202 417 1373 465 baseos
1412 415 1726 465 infuscatam.
1799 418 1907 466 Pe-

300 488 384 535 des
429 487 637 546 breves,
698 482 888 547 validi,
937 486 1093 551 nigri,
1156 487 1301 534 tarsis
1358 485 1509 534 dense
1571 487 1907 554 rufo-spon—

302 573 473 625 glosis.

409 624 578 674 Variat
612 622 767 670 rarius
805 621 1007 690 pustula
1049 623 1322 690 elytrorum
1359 643 1539 691 parva,
1579 628 1786 678 minuta.

306 794 363 832 2.
395 773 458 828 C.
492 772 630 828 bi-
658 772 1100 846 pustulata:
1150 773 1756 849 compresso—gibba,
1801 775 1906 831 ni·-

427 887 562 942 gra,
613 868 808 942 capite
826 909 842 939 ‚
909 867 1242 924 abdominis
1292 868 1510 940 limbo,
1577 870 1906 944 elytrorum

418 963 603 1018 fascia
630 963 827 1017 media
855 965 1185 1039 composita
1226 964 1568 1022 abbreviata
1594 965 1907 1039 genubus-

413 1078 528 1134 que
556 1058 771 1113 rubris.

383 1164 555 1226 Linn.
591 1166 766 1226 Fabr.
809 1168 977 1242 [Illig.
1021 1167 1265 1223 Sclzonlz.
1309 1169 1436 1245 Syn.
1483 1186 1537 1224 2.
1590 1164 1723 1246 196.
1771 1169 1908 1227 152.

379 1278 633 1336 Habitat
686 1280 750 1334 in
807 1278 1089 1336 silvaticis
1128 1280 1381 1355 passim,
1443 1282 1798 1356 praesertim
1843 1282 1908 1337 in

466 1375 604 1430 Pini
648 1373 1004 1429 turionibUS.
1060 1378 1064 1381 “

400 1489 728 1539 Praecedenti
765 1487 928 1554 quoad
981 1499 1277 1537 structuram
1314 1485 1601 1550 simillima,
1652 1487 1739 1538 sed
1786 1486 1908 1554 ple-

295 1578 504 1624 rumque
543 1559 783 1619 dimidio,
820 1560 921 1606 imo
962 1557 1118 1623 duplo
1159 1560 1347 1620 minor,
1403 1570 1453 1606 et
1491 1558 1633 1606 aliter
1675 1557 1904 1610 colorata.

299 1631 463 1697 Caput
499 1629 661 1695 quoad
699 1639 992 1678 structuram
1038 1625 1245 1677 omnino
1284 1639 1340 1677 ut
1377 1629 1430 1676 in
1471 1630 1651 1694 priori,
1692 1628 1780 1677 sed
1815 1639 1907 1676 to—

295 1712 439 1761 tum,
488 1718 601 1747 cum
651 1697 816 1765 palpis
868 1709 918 1746 et
953 1699 1184 1746 antennis
1223 1698 1706 1761 rufo—brunneumt,
1771 1698 1907 1747 oculi

295 1770 532 1819 brunnei.
607 1769 849 1817 Thoracis
904 1778 954 1816 et
991 1767 1188 1816 scutelli
1232 1768 1413 1826 forma,
1466 1767 1600 1817 color
1642 1780 1691 1816 et
1739 1769 1905 1816 omnia

293 1851 354 1889 ut
391 1842 445 1889 in
484 1840 650 1905 priori.
723 1837 894 1902 Elytra
948 1839 1094 1885 etiam
1147 1849 1320 1885 exacte
1367 1848 1422 1885 ut
1474 1839 1526 1886 in
1565 1838 1903 1904 praecedenti,

294 1909 382 1960 sed
417 1909 527 1958 loco
569 1907 786 1957 maculae
825 1907 1017 1956 mediae
1055 1907 1299 1973 simplicis
1347 1908 1555 1968 rubrae,
1599 1910 1652 1955 in
1705 1906 1904 1972 singulo

294 1979 454 2044 elytro
506 1980 683 2041 fascia,
736 1979 971 2042 utrinque
1026 1978 1341 2040 abbreviata,
1406 1995 1431 2024 e
1498 1977 1696 2043 punctis
1745 1978 1903 2025 tribus

295 2052 540 2109 conflata,
605 2067 815 2114 quorum
866 2049 967 2096 duo
1035 2049 1269 2095 interiora
1332 2046 1627 2112 plerumque
1673 2057 1904 2107 connata,

295 2122 541 2169 extimum
579 2137 700 2168 vero
744 2129 1038 2183 separatum.
1111 2117 1235 2164 Alae
1275 2127 1333 2165 ut
1370 2119 1423 2165 in
1462 2119 1632 2184 priori.
1718 2116 1902 2164 Pectus

292 2201 457 2238 totum
507 2190 574 2236 ni
563 2206 736 2256 grum3
800 2188 1044 2235 abdomen
1093 2188 1197 2234 basi
1248 2197 1295 2234 et
1346 2187 1399 2234 :in
1453 2187 1618 2235 medio
1687 2187 1902 2252 nigrum,

294 2269 660 2325 segmentorum
710 2259 1015 2322 marginibus
1064 2255 1289 2321 pallidis,
1346 2255 1500 2305 limbo
1553 2248 1658 2305 toto
1708 2254 1903 2320 pallide

292 2329 423 2378 rufo
495 2328 658 2377 Pedes
695 2328 856 2393 nigri,
894 2328 1120 2393 genubus
1158 2327 1482 2392 spongiisque
1520 2325 1900 2374 rufescentibus.

405 2397 529 2448 Obs.
577 2399 620 2444 E
656 2397 921 2445 Lusitania
971 2395 1295 2444 individuum
1348 2398 1572 2456 obtinui,
1620 2397 1673 2443 in
1729 2395 1903 2442 ceteris

293 2467 636 2528 simillimum,
685 2467 771 2516 sed
809 2466 1022 2515 thoracis
1068 2464 1239 2529 anguli
1275 2467 1455 2526 antici,
1512 2482 1689 2530 corpus
1740 2474 1904 2512 totum

295 2539 471 2586 subtus
517 2556 616 2585 una
665 2556 779 2586 cum
816 2537 1032 2604 pedibus
1077 2535 1274 2598 rusum,
1327 2537 1542 2602 pectoris
1581 2535 1745 2583 medio
1782 2544 1905 2581 tan-

295 2617 403 2655 tum
439 2607 704 2658 infuscato.

297 2755 354 2810 5.
404 2753 468 2810 C.
513 2755 549 2809 4
579 2785 618 2794 -
643 2775 683 2830 p
699 2775 741 2811 u
759 2776 785 2811 s
804 2764 827 2811 t
844 2755 967 2812 ula
985 2763 1055 2810 ta
1075 2774 1089 2813 ε
1141 2774 1412 2813 convexa
1441 2754 1647 2827 nigra,
1695 2750 1906 2808 lunula

351 2928 356 2933 Δ
419 2849 755 2922 ely-trorum
779 2851 1112 2923 humerali,
1160 2851 1402 2926 pustula
1441 2867 1602 2924 pone
1632 2847 1901 2903 medium

415 2943 719 3022 limboque
750 2948 985 3024 postico
1016 2945 1350 3004 abdominis
1389 2944 1604 3003 rubria.

1727 3030 1901 3087 Linn.
