2012 3398
551 152 1204 230 Cryptoceplzalus:
1555 110 1678 237 669

171 293 294 346 Obs.
362 296 617 345 Punctum
666 296 875 345 thoracis
909 297 1096 352 variat
1148 309 1234 347 aut
1269 299 1470 362 fortior,
1518 301 1676 368 magis

72 365 263 425 crebra,
300 376 386 421 aut
424 365 657 414 subtilior
693 377 740 414 et
776 369 981 432 paicior,
1018 379 1068 415 et
1084 356 1187 415 hoc
1221 369 1274 416 in
1313 381 1524 436 utroque
1550 389 1678 421 sexu

70 446 121 483 et
156 404 420 497 varietate,
457 437 550 485 vix
586 453 705 484 vero
744 435 909 502 specie
943 436 1202 487 distinctas
1235 449 1380 506 puto

81 536 181 589 18.
232 534 297 589 C.
347 534 766 610 punctiger
808 554 866 610 p.
903 533 1057 596 624.

80 645 180 703 19.
228 627 293 684 C.
344 627 768 704 pallifrons
817 648 875 705 p.
908 622 1060 687 625.

75 741 181 779 20.
237 723 302 779 C.
353 721 732 780 frontalis
779 743 836 799 p.
868 723 1024 784 626.

74 837 108 876 2
130 837 181 875 1.
234 817 299 875 C.
344 818 682 875 labiatus
731 839 791 893 p.
842 817 995 893 6237.

74 945 154 984 21
175 959 213 968 -
234 945 339 982 22.
402 927 470 985 C.
532 920 1145 1005 VVasastje‘rnii:
1219 928 1390 1002 niger
1414 972 1430 999 ‚
1495 930 1671 986 lineis

193 1022 425 1079 duabus
477 1022 862 1093 frontalibUS,
910 1042 1050 1092 ore,
1096 1031 1493 1079 antennarum
1547 1005 1673 1082 basi

190 1116 562 1193 pedibusque
589 1116 983 1173 anterioribus
1007 1118 1200 1188 flaviS,
1244 1118 1490 1185 thorace
1518 1121 1664 1176 sub-

182 1212 451 1268 tilissime
507 1215 758 1287 strigoso
775 1254 791 1284 ‚
852 1212 1185 1287 elytrorum
1228 1214 1387 1272 striis
1434 1217 1670 1292 apicem

190 1306 316 1361 sere
360 1307 802 1381 attingentibus,

152 1395 275 1452 Ins.
299 1397 398 1453 Sy.
425 1396 479 1454 5.
512 1393 650 1452 628.
675 1407 793 1452 not.
823 1394 929 1450 sub
959 1394 1021 1451 C.
1048 1392 1288 1453 Ιαόἱαῖο.

152 1484 404 1542 Habitat
434 1487 499 1543 in
525 1487 781 1556 Bothnia
817 1485 1116 1557 orientali,
1142 1486 1456 1542 rarissime.
1481 1486 1665 1548 Domz.

239 1579 338 1639 W
331 1583 718 1662 asastjerna,
777 1580 1213 1656 Entomologus
1264 1583 1668 1657 perspicacis-

239 1676 458 1748 simus,
522 1679 622 1753 qui
670 1676 935 1752 plurima
984 1676 1250 1748 Insecta‚
1310 1681 1666 1753 praesertim

235 1773 652 1843 minutissima,
696 1780 867 1828 antea
908 1773 1142 1846 ignota,
1189 1773 1419 1829 detexit
1462 1782 1522 1828 et
1549 1774 1667 1830 be-

236 1868 453 1923 nevole
490 1867 966 1923 communicavit.

175 1950 369 2001 Statura
413 1964 462 2001 et
497 1968 687 2003 summa
722 1951 999 2002 similitudo
1054 1951 1110 2002 C.
1147 1949 1386 2000 labiati
1420 1961 1470 2000 et
1505 1954 1668 2002 mini·-

70 2019 164 2069 mis
204 2025 311 2086 ejus
349 2024 692 2089 magnitudine
729 2021 974 2088 aequalis,
1030 2033 1312 2070 constanter
1356 2033 1522 2069 tamen
1560 2023 1667 2071 dif-

73 2093 193 2140 fert:
236 2092 440 2141 maeulis
478 2112 566 2141 seu
591 2094 734 2142 lineis
772 2091 1064 2141 frontalibus
1090 2091 1258 2151 luteis,
1295 2091 1493 2138 thorace
1520 2095 1669 2142 strio-

69 2160 133 2209 lis
169 2162 505 2212 subtilissimis
530 2175 730 2222 notato,
768 2164 995 2227 striisque
1032 2160 1301 2222 elytrorum
1335 2163 1524 2226 apicem
1564 2166 1667 2211 iero

69 2232 445 2296 attingentibus.
519 2233 683 2298 Caput
721 2243 1010 2292 retractum,
1046 2232 1269 2295 nigrum,
1306 2230 1466 2278 fronte
1498 2231 1664 2296 plana,

69 2297 276 2367 anguste
315 2302 663 2366 canaliculata3
713 2303 765 2350 in
801 2303 988 2350 vertice
1023 2302 1255 2364 utrinque
1293 2299 1480 2348 lineola
1515 2301 1667 2361 lutea,

71 2372 125 2419 in
176 2371 362 2419 semina
409 2374 687 2437 angustior,
752 2372 955 2436 oblique
1002 2387 1172 2419 versus
1234 2369 1432 2430 oculum
1500 2370 1666 2432 ducta,

71 2441 242 2504 ibique
295 2441 554 2504 desinens;
611 2444 663 2490 in
717 2442 935 2490 masculo
972 2440 1141 2498 latior,
1182 2438 1559 2501 juxtaoculum
1601 2444 1664 2490 ad

73 2527 128 2558 os
162 2528 322 2574 usque
358 2513 672 2574 continuata3
715 2530 768 2560 os
796 2522 955 2558 totum
980 2511 1030 2557 in
1070 2522 1278 2572 utroque
1304 2527 1426 2557 sexu
1454 2508 1661 2562 luteum.

69 2579 332 2628 Antemnae
379 2593 435 2629 ut
483 2581 534 2627 in
587 2582 909 2646 praecedente
955 2581 1179 2626 omnino.
1255 2579 1491 2627 Thoracis
1526 2592 1666 2628 stru-

71 2659 205 2697 etura
245 2651 391 2696 etiam
434 2661 489 2697 ut
525 2652 574 2698 in
614 2651 727 2711 illo,
778 2661 912 2698 totus
955 2650 1104 2712 niger,
1146 2648 1350 2710 nitidus,
1389 2651 1481 2697 su'b
1517 2649 1663 2699 oculo

71 2730 253 2766 armato
281 2719 463 2767 striolis
498 2721 798 2768 abbreviatis
824 2718 1181 2785 punctulisque
1208 2719 1550 2766 minutissimis
1574 2720 1666 2766 in·-

71 2790 299 2852 scriptus.
362 2789 639 2837 Scutellum
677 2801 733 2837 ut
767 2790 819 2837 in
859 2787 1028 2854 priori.
1097 2787 1382 2850 Elytrorum
1420 2787 1574 2836 forma
1611 2799 1662 2836 et

68 2855 206 2905 color
244 2858 392 2906 etiam
428 2870 485 2906 ut
519 2861 572 2906 in
608 2857 727 2920 illo,
779 2858 868 2907 sed
903 2858 1047 2906 striae
1084 2855 1347 2923 *punctatae
1393 2855 1662 2923 longiores,

15 2940 25 2970 ’.
66 2928 260 2991 apicem
310 2928 414 2976 tere
457 2929 726 2994 attingunt.
817 2928 1007 2994 Corpus
1063 2929 1238 2976 subtus
1285 2938 1342 2976 ut
1384 2927 1439 2974 in
1491 2929 1661 2992 priori.

66 2994 226 3048 Pedes
262 3008 468 3062 quatuor
490 2999 754 3057 anteriores
780 2998 921 3058 flavi,
960 2998 1103 3048 tarsis
1143 2995 1662 3063 fusco-ferrugineis3

1493 3067 1660 3113 femo-
