2033 3398
339 81 457 154 126
931 84 1341 143 Latridius.

332 229 584 296 posterius
619 228 712 277 vix
745 238 1071 296 angustatus,
1119 227 1394 279 obsoletius
1431 228 1742 292 crenulatus‚
1790 249 1937 299 supra

329 316 504 366 parum
542 315 833 359 convexus,
873 308 948 346 sat
981 300 1144 346 crebre
1179 297 1531 364 punctulatus‚
1580 300 1698 367 pilis
1735 300 1937 367 longio-

328 369 467 418 ribus
507 367 756 433 depressis
792 369 961 434 griseis
997 367 1287 434 adspersus,
1336 380 1452 417 ante
1490 373 1710 420 medium
1762 373 1934 420 baseos

327 436 525 488 foveola
562 439 662 501 jam
701 440 900 500 majore,
937 439 1037 500 jam
1073 439 1263 486 minore
1299 438 1587 504 impressus.
1657 440 1934 489 Scutellum

329 520 390 558 ut
422 510 478 557 in
515 508 682 573 priori.
755 506 1040 570 Elytrorum
1083 508 1252 567 forma,
1290 519 1533 572 punctura
1567 520 1616 557 et
1643 512 1935 574 pubescen-

327 581 399 628 tia
436 579 584 626 etiam
620 589 679 627 ut
721 578 776 625 in
813 575 934 639 illo,
984 576 1071 625 sed
1116 576 1321 643 rugulae
1373 579 1726 627 transversales
1768 584 1936 629 minus

327 649 640 717 perspicuae.
713 647 906 712 Corpus
941 658 990 695 et
1029 646 1184 714 pedes
1220 659 1278 695 ut
1311 648 1364 696 in
1402 648 1732 714 praecedenti.

332 772 391 829 5.
433 770 504 828 L.
557 769 1124 827 denticulatus:
1171 768 1390 828 fusco·
1412 772 1650 846 piceus,
1696 772 1935 830 brevius

450 865 820 944 pubescensg
865 864 1112 921 thorace
1143 865 1405 923 breviori
1434 869 1785 940 rotundato,
1833 869 1931 924 la-

452 962 676 1017 teribus
705 960 1032 1017 obsoletius
1068 971 1345 1032 crenatO,
1396 961 1603 1037 elytris
1632 963 1931 1039 simplici-0

451 1066 545 1113 ter
592 1064 881 1133 punctato
912 1087 947 1098 -
977 1058 1225 1128 striatis,
1287 1056 1620 1114 interstitiis
1675 1058 1779 1117 vix
1817 1043 1935 1114 ru-‘

453 1152 694 1227 gulosis,

409 1262 582 1319 Dom.
622 1262 909 1339 Schiippel
954 1264 1016 1318 in
1054 1262 1283 1319 litteris.

410 1372 660 1430 Habitat
694 1373 803 1429 sub
849 1375 1069 1429 cortice
1109 1371 1391 1428 arborum
1424 1380 1830 1429 emortuarum
1874 1383 1932 1430 et

491 1471 556 1526 in
598 1469 929 1545 quisquiliis
963 1469 1212 1544 passim,
1261 1470 1460 1524 minus
1501 1465 1803 1542 frequens,

437 1585 663 1646 Statura,
704 1581 992 1648 magnitudo
1032 1593 1083 1630 et
1122 1580 1258 1631 color
1296 1582 1395 1630 fere
1433 1581 1805 1648 praecedentis,
1841 1584 1932 1632 sed

327 1656 649 1722 pubescentia
683 1655 913 1713 brevior,
955 1652 1118 1721 min-us
1153 1652 1338 1714 densat,
1385 1650 1668 1702 interstitiis
1705 1655 1929 1701 striarum

328 1729 385 1776 in
424 1725 594 1790 elytris
643 1723 967 1789 impunctatis
1014 1722 1279 1788 praecipue
1327 1721 1605 1771 distinctus,
1679 1723 1843 1789 Caput
1882 1735 1933 1772 et

328 1807 573 1844 antennae
607 1805 666 1842 ut
699 1795 752 1841 in
791 1793 958 1858 priori.
1031 1792 1236 1840 Thorax
1270 1792 1418 1839 etiam
1455 1803 1511 1839 ut
1543 1793 1596 1839 in
1633 1790 1756 1854 illo,
1796 1793 1931 1841 late-

327 1867 466 1915 ribus
503 1863 774 1929 aequaliter
806 1860 1129 1922 rotundatus‚
1169 1861 1444 1910 obsoletius
1479 1861 1786 1923 crenulatus,
1836 1881 1933 1911 su·-

326 1954 414 2003 pra
465 1953 639 2001 parum
688 1950 975 1993 convexus,
1037 1931 1297 1980 confertim
1361 1930 1716 1997 punctulatus‚
1781 1943 1929 1980 tenue

328 2007 642 2072 pubescens,
692 2001 891 2051 ioveola
938 2002 1129 2067 postica
1180 2000 1400 2050 rotunda
1443 2001 1727 2066 impressus.
1803 2002 1930 2050 Scu—

327 2074 504 2124 tellum
547 2085 604 2122 ut
638 2073 689 2120 in
731 2072 990 2138 prioribus.
1066 2070 1354 2134 Elytrorum
1406 2070 1560 2117 forma
1598 2070 1696 2117 sere
1737 2071 1926 2133 eadem,

326 2163 473 2211 supra
513 2144 704 2192 modice
743 2158 997 2200 convexa,
1052 2158 1198 2204 parce
1237 2152 1284 2188 et
1329 2141 1546 2187 breviter
1584 2141 1927 2205 pubescentia,

329 2213 530 2281 singulo
569 2214 700 2261 striis
738 2222 847 2260 octo
885 2208 1186 2276 regularibus
1225 2211 1478 2275 punctatis
1514 2221 1715 2271 notato,
1763 2212 1930 2258 iuter-

330 2287 482 2333 stitiis
519 2283 872 2348 impunctatis,
910 2297 1003 2328 vix
1043 2281 1358 2329 transversim
1397 2278 1663 2345 rugulosis.
1738 2279 1928 2345 Corpus

328 2356 505 2403 subtus
542 2351 974 2418 nigro-piceum,
1028 2351 1182 2414 magis
1217 2349 1463 2409 nitidum,
1513 2367 1654 2415 parce
1702 2360 1933 2415 punctu-

327 2422 484 2472 latum
523 2434 571 2471 et
607 2418 901 2490 pubescens.
971 2419 1130 2468 Pedes
1182 2418 1483 2481 mediocres,
1535 2420 1629 2468 toti
1670 2420 1925 2468 rufo-te«

329 2494 497 2542 stacei.

433 2561 602 2609 Variat
649 2560 728 2608 uti
776 2559 1127 2625 praecedentes
1178 2556 1342 2606 colore
1380 2559 1477 2621 jam
1514 2558 1792 2606 obscuriore
1829 2558 1927 2620 jam

326 2631 595 2692 dilutiore,
632 2641 687 2678 ut
722 2641 772 2677 et
807 2647 1008 2696 corpore
1044 2639 1150 2677 toto
1188 2629 1409 2692 undique
1440 2626 1628 2693 pallide
1664 2639 1893 2677 testaceo.

331 2787 388 2839 4.
426 2779 496 2835 L.
539 2786 914 2835 serratus:
965 2774 1562 2849 ruso-ferruginem,
1600 2795 1781 2852 parce
1805 2796 1930 2850 pu·-

451 2875 718 2947 besec-zm,
765 2872 1010 2928 thorace
1049 2872 1390 2943 rotundam,
1440 2871 1723 2929 lateribus
1756 2881 1928 2927 acute

1769 2967 1926 3022 den-
