2012 3398
657 102 1111 163 Coccinella.
1567 95 1686 178 175

243 258 451 334 nigra,
497 255 723 312 annulo
768 252 978 311 baseos
1029 254 1183 323 lato,
1233 252 1487 327 pustulis
1526 251 1685 306 dua-

244 352 356 409 bus
394 370 554 426 pone
593 350 859 406 medium
905 357 966 404 et
1018 348 1197 404 unica
1241 349 1428 423 apicis
1483 347 1682 403 ssavo-

241 447 456 503 rubris.
527 446 692 523 Illig.
742 443 1005 501 Sclsz'tzh.
1064 462 1199 500 ναν.
1250 459 1308 497 υ.

82 632 85 633 ⁷
162 553 305 612 Var.
341 575 443 627 ee,
492 555 702 610 eadem
742 573 811 608 ac
841 572 964 610 var.
1002 552 1120 622 dcl,
1161 550 1266 606 sed
1293 548 1533 626 pustula
1567 566 1685 603 ex-

77 635 80 638 Δ
245 650 434 705 terior
489 668 652 725 pone
707 648 973 704 medium
1010 665 1230 723 parva,
1284 643 1687 720 triangulariS‚

247 747 406 801 intra
442 747 774 820 marginem
799 744 924 799 sita.

162 854 306 913 Var.
329 855 444 931 ff,
493 854 712 909 thorax
746 852 953 923 flavus,
981 852 1207 927 postice
1232 849 1470 925 punctis
1499 847 1684 921 quin—

246 968 364 1024 que
421 949 639 1024 nigri8‚
702 956 805 1003 aut
858 947 1181 1017 distinctis,
1249 953 1350 1000 aut
1410 942 1685 1012 dilatatis,

243 1045 577 1120 quadratis,
635 1043 976 1099 lateralibus
1019 1040 1493 1111 confluentibus,
1542 1037 1687 1114 pla-

245 1160 380 1214 gam
435 1140 652 1198 flavam
700 1137 1197 1211 includentibu83
1259 1135 1452 1210 elytra
1496 1137 1686 1207 nigra,

245 1234 502 1310 pustulis
553 1235 817 1312 quinque
863 1233 1284 1289 flavo-rubris
1325 1234 1385 1286 in
1426 1227 1684 1303 singule,

249 1347 320 1401 2,
365 1346 435 1399 2,
488 1348 553 1400 1,
603 1330 812 1404 primis
865 1328 1092 1384 duabus
1152 1328 1404 1398 lunam,
1475 1325 1686 1380 ultima

241 1425 442 1500 apicis,
503 1424 670 1501 Illig.
710 1423 972 1482 Sclzbnh.
1014 1441 1149 1480 ναν.
1191 1446 1257 1505 φ.

166 1532 310 1591 Var.
332 1552 452 1609 gg,
487 1530 706 1590 thorax
730 1532 1018 1588 lateribus
1056 1531 1172 1586 late
1197 1532 1398 1588 ssavo-
1426 1528 1685 1597 albidus,

250 1628 449 1682 medio
487 1628 686 1701 niger,
736 1637 837 1682 aut
860 1627 1307 1698 immaculatus⁷
1356 1634 1457 1680 aut
1480 1624 1688 1680 lineo-

248 1721 321 1777 lis
352 1723 657 1778 nonnullis
687 1723 855 1780 flavis
884 1724 946 1778 in
976 1723 1174 1778 medio
1218 1721 1514 1798 posterius
1557 1735 1686 1774 no·-

244 1824 435 1891 tatus3
475 1817 682 1892 elytris
727 1801 794 1874 ut
831 1819 892 1873 in
931 1837 1054 1875 var.
1069 1814 1151 1896 ff
1213 1817 1378 1894 Illig.
1424 1812 1688 1871 Sclztinlz.

250 1931 382 1968 ναν.
421 1928 483 1983 χ.

166 2019 311 2079 Var.
348 2018 468 2092 lm,
524 2018 740 2076 thorax
785 2019 988 2095 niger,
1049 2018 1335 2075 lateribus
1375 2017 1685 2091 margine-

259 2133 375 2190 que
415 2116 613 2171 antico
655 2115 908 2189 albidis3
954 2114 1148 2189 elytra
1194 2122 1259 2171 ut
1295 2115 1355 2170 in
1372 2114 1468 2190 ff
1496 2119 1554 2168 et
1576 2130 1689 2189 gg,

252 2210 358 2265 sed
396 2210 638 2285 pustula
666 2210 876 2266 ultima
921 2210 1202 2282 interior,
1252 2210 1324 2265 ab
1368 2210 1537 2285 apice
1580 2226 1684 2262 re·-

256 2312 435 2361 mota.
500 2305 667 2382 Illig.
715 2305 977 2362 Sclzbnlz.
1025 2324 1159 2362 ναν.
1209 2319 1275 2360 ω.

169 2413 314 2473 Var.
361 2413 430 2486 ii,
473 2414 720 2470 omnino
766 2421 833 2468 ut
881 2431 1003 2471 var.
1040 2413 1144 2486 hh,
1192 2413 1295 2470 sed
1329 2411 1496 2468 frons
1543 2418 1688 2465 tan-

247 2515 375 2563 tum
440 2498 666 2584 puneto
732 2508 890 2566 ssavo
952 2507 1028 2563 ad
1084 2509 1382 2584 singulum
1445 2505 1688 2562 oculum

248 2610 484 2676 notata,
534 2623 658 2660 non
691 2603 1081 2661 transversim
1121 2604 1288 2678 alba,
1331 2612 1399 2659 ut
1446 2603 1511 2657 in
1547 2619 1688 2655 om-

247 2697 423 2754 nibus
459 2698 725 2774 reliquis.

167 2810 423 2870 Habitat
469 2814 530 2871 in
573 2811 887 2870 fruticibus
925 2818 985 2867 et
1026 2811 1248 2889 plantis
1295 2812 1516 2886 ubique
1557 2808 1691 2865 sre-

252 2926 476 2986 quens3
538 2910 854 2970 varietates
908 2925 1055 2970 vero
1115 2908 1318 2987 plures
1384 2926 1521 2964 raro
1575 2924 1688 2958 oc·-

1541 3016 1688 3054 ΕΗΓ·-
