2012 3398
704 106 1032 204 Cetonia.
1230 204 1233 206 ,
1546 146 1672 209 255

67 289 208 339 tione
243 287 457 338 laminae
493 287 727 351 verticis3
766 288 1030 338 confertim
1057 286 1373 354 granuloso—
1339 302 1672 357 -punctatus,

68 355 374 426 pubescens,
423 360 626 408 obscure
675 327 983 409 virescenti—
997 376 1197 409 aeneus.
1282 359 1457 424 Elytra
1506 366 1675 427 quoad

68 430 279 477 somnam
318 440 368 476 et
402 440 699 495 puncturam
736 440 794 477 ut
842 433 894 477 in
934 429 1211 494 prioribUS,
1263 430 1449 496 pallide
1488 433 1675 481 ochra-

69 517 188 561 cea,
240 501 441 565 punctis
488 500 660 564 parvis
709 500 1070 548 virescentibus
1118 500 1304 564 absque
1350 501 1522 550 ordine
1572 504 1675 552 ad·-

73 586 257 633 spersa.
333 568 524 634 Corpus
561 569 736 616 subtus
774 569 994 633 nigrum,
1047 569 1201 634 magis
1239 571 1485 633 nitidum,
1535 571 1673 621 late-

71 642 209 687 ribus
259 649 586 704 punctatum,
645 637 846 704 longius
910 639 1204 704 pubescens.
1286 641 1447 690 Pedes
1512 643 1675 692 validi

67 710 227 776 nigri,
265 709 490 774 punctati
527 718 576 754 et
614 707 783 772 pilosi.

173 779 233 826 In
269 777 447 843 clypeo
485 776 696 825 feminae
736 778 898 827 lineae
936 778 1061 826 duae
1108 790 1414 830 transversae
1451 780 1675 833 elevatae

68 849 309 897 anteriore
348 847 572 907 minore,
610 859 835 909 arcuata,
886 851 1151 914 posteriore
1187 850 1338 899 valde
1386 850 1579 902 elevata
1623 865 1676 903 et

69 919 308 982 utrinque
355 918 409 965 in
459 918 657 983 spinam
701 929 911 965 erectam
960 930 1192 970 exeunte.
1266 922 1472 971 Thorax
1508 925 1673 973 antice

69 989 148 1036 bis
183 988 483 1053 impressus,
534 986 792 1037 tuberculo
834 988 999 1039 medio
1037 991 1358 1055 interjacente
1408 994 1674 1061 producto.

69 1057 271 1106 Caetera
308 1067 366 1105 ut
400 1057 453 1104 in
492 1073 639 1107 mare.

73 1177 130 1234 4.
178 1177 242 1233 C.
289 1175 803 1235 nuchicornis
850 1198 908 1255 p.
945 1179 1052 1239 46.

69 1273 129 1328 5.
180 1271 244 1328 C.
295 1271 810 1330 fracticornis
856 1294 915 1350 p.
951 1280 1054 1350 47.

69 1369 127 1423 ’6.
178 1367 242 1423 C.
293 1376 513 1425 ovata
562 1388 621 1444 p.
664 1369 770 1424 48.

69 1483 125 1537 7.
176 1461 242 1519 C.
293 1461 719 1520 Schreberi
753 1483 824 1539 P·
864 1466 968 1521 48.

574 1640 1164 1698 CETONIA.

77 1767 132 1808 1.
175 1748 240 1805 C.
297 1759 761 1806 marmorata
799 1771 858 1827 p.
904 1757 1010 1828 49.
1101 1756 1365 1817 Sclc‘o'tzlz.
1409 1759 1560 1838 Syn.
1609 1761 1669 1817 5.

207 1862 353 1900 122.
404 1846 511 1904 45.

147 1938 294 1998 Var.
335 1937 400 2012 b,
448 1941 682 2009 minor,
738 1940 964 2017 capite,
1007 1943 1254 2002 thorace
1295 1949 1668 2026 scutelloque

237 2035 503 2091 olivaceo
521 2067 556 2074 —
574 2037 796 2108 aeneis,
848 2034 1057 2111 elytris
1089 2040 1223 2098 rufo
1239 2075 1270 2082 —
1291 2043 1669 2119 ferrugineis,

146 2127 397 2186 Habitat
422 2132 485 2186 in
520 2129 755 2187 Fennia
781 2128 1048 2191 Australi
1107 2139 1425 2197 rarissime.
1478 2141 1665 2202 Dom.

232 2223 554 2304 Salzlherg.

69 2356 129 2395 2.
179 2338 245 2396 C.
284 2359 517 2396 aenea
561 2361 623 2417 p.
659 2341 764 2397 50.
812 2342 1073 2425 Sclzblzlz.
1098 2346 1246 2424 Syn.
1277 2349 1335 2406 5.
1372 2365 1522 2423 119.
1561 2350 1668 2405 58.

67 2455 126 2510 5.
158 2454 223 2510 C.
266 2464 533 2512 aurata
567 2476 624 2531 p.
658 2456 763 2512 51.
815 2458 1078 2516 Sclzb'nlz.
1108 2463 1257 2540 Syn.
1293 2465 1351 2520 5.
1390 2484 1413 2520 1
1438 2484 1538 2539 17.
1562 2467 1672 2541 57.

159 2548 219 2603 V
223 2569 304 2607 ar.
333 2548 399 2621 b,
450 2559 576 2606 tota
605 2570 786 2626 supra
818 2560 877 2607 et
903 2554 1110 2611 subtus
1141 2577 1636 2634 cupreo—aurea.

146 2639 395 2695 Sclzo'nlz.
433 2641 470 2697 l.
514 2660 562 2697 c,
601 2660 730 2698 var.
776 2639 840 2718 β.

146 2727 398 2785 Habitat
430 2751 565 2787 cum
591 2733 990 2806 praecedente
1020 2737 1258 2810 passim.

146 2835 292 2903 Var.
320 2859 369 2911 ο,
415 2842 744 2914 nigricans,
790 2849 955 2897 certo
983 2845 1097 2900 situ
1128 2865 1353 2921 cupreo
1373 2877 1409 2886 -—
1427 2846 1673 2918 micam,

230 2934 478 2993 maculis
504 2943 570 2993 ut
598 2936 661 2994 in
690 2956 743 2996 a.
800 2936 1067 3000 Sclzbtzlz.
1102 2941 1140 2997 l.
1172 2961 1218 2998 e.
1253 2960 1382 3001 var.
1413 2929 1468 2996 ὃ.

1529 3032 1672 3089 Ha-
