2012 3398
658 103 1110 183 Cocciizella,
1566 145 1681 205 177

154 268 401 327 Sclzo'nh.
443 268 571 346 Syn.
621 287 675 326 2.
724 266 858 328 165.
893 267 991 327 55.

158 378 219 456 a)
284 381 500 455 nigra,
566 379 828 438 thoracis
871 380 1157 438 lateribus
1185 423 1200 452 ,
1265 400 1441 458 saepe
1503 386 1680 443 etiam

239 477 509 549 margine
558 478 756 533 antico
789 476 972 549 albis9
1024 476 1230 550 elytris
1255 479 1494 535 staticula
1528 481 1683 537 sub-

239 569 540 626 humerali
593 571 834 644 lunata,
882 579 988 628 aut
1033 573 1286 647 pallida,
1353 583 1455 629 aut
1501 575 1679 633 ruse«-

240 674 461 723 scente.
522 667 785 725 Schbnlz.
824 668 861 723 l.
912 688 959 722 c.
1010 687 1070 726 α.
1116 676 1179 724 et
1228 688 1358 725 var.
1396 661 1477 742 β,
1524 686 1584 745 7.

155 774 487 832 Coccitzellcz
520 777 872 846 variabilia,
913 774 1073 852 Illig.
1118 777 1239 834 Col.
1272 776 1410 835 Bor.
1454 797 1506 836 1.
1535 775 1679 860 447.

241 860 340 916 52.
383 881 511 917 var.
558 881 676 933 cccc,
711 858 839 939 ββ,
879 880 979 941 yy-

151 969 298 1030 Var.
344 969 408 1046 b,
455 972 701 1047 eadem,
747 973 852 1028 sed
895 972 1090 1046 elytra
1119 981 1222 1030 aut
1264 972 1535 1032 brunnea
1576 984 1678 1035 aut

235 1065 618 1126 rufescentia.
708 1067 974 1126 Sclz'otzlz.
1028 1068 1067 1123 l,
1105 1089 1152 1124 c.
1196 1089 1328 1127 var.
1371 1059 1428 1125 ὃ.
1508 1072 1677 1151 Illig.

236 1162 276 1220 Z.
307 1182 356 1219 c.
388 1182 522 1221 var.
561 1156 660 1219 ὃὸ.

150 1275 295 1337 Var.
342 1298 404 1351 c,
454 1277 662 1353 elytris
683 1276 911 1354 pallide
949 1276 1389 1337 rufescentibus
1431 1286 1535 1337 aut
1570 1280 1675 1339 lu-

235 1373 629 1445 tescentibUS,
696 1373 932 1430 macula
988 1373 1289 1432 humerali
1337 1374 1677 1452 pallidiore,

235 1471 425 1544 magis
454 1469 757 1527 obsoleta.¹
794 1469 1059 1528 Sclziinlz·
1085 1471 1122 1527 l.
1156 1492 1204 1527 c.
1233 1489 1366 1530 var.
1399 1487 1443 1528 ε.
1504 1472 1672 1553 Illig.

232 1565 273 1621 l.
308 1583 357 1623 c.
388 1584 519 1623 ναν.
544 1581 617 1620 aa.
1071 1570 1074 1575 ’

155 1677 411 1735 Habitat
452 1680 516 1736 in
554 1678 867 1738 fruticibus
915 1688 973 1736 et
1001 1679 1257 1756 plantiS‚
1308 1680 1509 1742 minus
1539 1683 1673 1741 fre-

235 1794 442 1850 quens,

174 1909 402 1970 Statura,
462 1907 759 1974 magnitudo
810 1919 862 1957 et
907 1908 1137 1959 formatio
1196 1913 1413 1976 partium
1463 1916 1672 1966 omnino

63 1991 121 2028 ut
161 1980 215 2027 in
250 1978 596 2045 praecedenti,
635 1981 776 2042 cujus
816 1980 1108 2028 varietatem
1143 1981 1352 2030 credidit
1403 1981 1562 2036 Dom.
1600 1985 1674 2034 ll-

60 2049 214 2115 liger3
265 2049 354 2097 sed
402 2049 521 2096 dum
558 2050 611 2096 in
662 2048 754 2096 hac
795 2048 986 2097 macula
1022 2061 1221 2098 tantum
1259 2053 1407 2101 unica
1442 2054 1674 2120 pallidior

61 2121 204 2183 juxta
240 2118 498 2166 humerum
537 2120 761 2181 cujusvis
797 2118 943 2183 elytri
980 2130 1180 2182 exstat,
1232 2139 1327 2170 nec
1372 2126 1672 2175 variati0nes

60 2189 425 2246 intermediae,
495 2189 646 2251 hujus
698 2190 924 2255 picturae
988 2191 1251 2239 transitum
1319 2201 1701 2261 monstrantes,'

62 2260 187 2306 mihi
224 2261 479 2323 cognitae,
516 2270 575 2306 ut
609 2258 911 2325 peculiarem
948 2262 1165 2325 speciem
1199 2263 1528 2326 consideravi,
1568 2266 1673 2315 do-

62 2347 155 2376 nec
192 2330 392 2376 certiora
429 2328 596 2394 detegi
658 2330 869 2394 possint.
940 2327 1108 2379 Linea
1132 2328 1324 2381 elevata
1349 2351 1522 2383 versus
1548 2337 1672 2402 api-

62 2416 169 2446 cem
208 2397 479 2462 elytrorum
517 2397 671 2446 simili
708 2399 855 2447 modo
893 2417 948 2448 ac
983 2402 1036 2448 in
1074 2401 1254 2466 priori,
1293 2403 1578 2453 evidentior
1611 2407 1669 2457 in

58 2467 189 2531 illis,
230 2487 436 2532 quarum
474 2467 630 2533 elytra
669 2469 839 2535 nigra,
874 2470 927 2517 in
962 2469 1312 2536 pallidioribus
1351 2491 1474 2524 vero
1507 2476 1671 2525 obso-

58 2537 192 2599 leta,
229 2540 328 2585 fere
368 2538 525 2588 nulla.
600 2538 828 2587 Ceterum
869 2539 1006 2589 frons
1041 2552 1129 2589 aut
1165 2544 1383 2590 maxima
1417 2555 1555 2609 parte
1592 2545 1671 2595 al-

56 2609 204 2669 bida,
254 2610 411 2657 vertic
493 2609 662 2674 nigro,
713 2620 800 2656 aut
849 2610 1022 2676 nigra,
1071 2611 1268 2676 guttula
1316 2612 1478 2661 albida
1524 2616 1670 2679 juxta

60 2676 315 2743 singulum
357 2696 385 2725 o
451 2676 575 2728 lum.
648 2678 856 2727 Thorax
891 2681 1048 2746 niger,
1086 2682 1240 2730 rarius
1275 2682 1547 2747 brunneus,
1584 2684 1669 2733 la-

56 2749 244 2795 teribus
308 2746 516 2809 albidis,
578 2749 798 2796 anterius
869 2747 1036 2799 latius.
1125 2750 1327 2810 Macula
1393 2753 1668 2806 humeralis

58 2817 330 2880 elytrorum
373 2829 459 2865 aut
497 2837 680 2883 parva,
718 2819 916 2879 brevis,
953 2820 1261 2886 inaequalis,
1300 2833 1389 2872 aut
1422 2824 1475 2872 in
1512 2823 1670 2873 lunum

57 2885 187 2947 lam,
227 2886 442 2934 cavitate
478 2888 619 2937 basin
653 2886 922 2951 elytrorum
960 2903 1292 2956 spectantem,
1333 2911 1506 2943 versus
1545 2912 1670 2943 scu-

51 2955 233 3005 tellum
295 2957 579 3024 producta3
660 2958 911 3008 interdum
990 2960 1182 3010 macula
1253 2963 1348 3011 ista
1423 2965 1666 3030 angulum

124 3025 277 3076 TOM.
320 3028 410 3076 IV.
1031 3030 1090 3078 M
1618 3045 1668 3080 et
