2012 3398
272 96 391 158 512
687 96 1077 176 Appendix
1127 97 1217 155 ad
1258 99 1325 157 P.
1360 100 1462 158 II.

281 244 446 310 5-6.
470 244 543 308 A.
574 247 1200 306 sub-testaceum
1225 251 1370 308 Pars
1388 253 1443 308 5.
1470 252 1601 309 add.
1624 272 1681 326 p.
1715 231 1887 326 707.

359 339 699 396 Anisotoma
730 338 1066 412 gibbzzlum,
1127 339 1300 396 Dom.
1342 341 1630 418 Sclzz‘c'ppel
1663 339 1725 398 ἱη
1759 341 1866 397 litt.

279 448 337 506 6.
365 446 436 504 Α.
474 449 777 524 piceum
818 467 874 522 p.
907 442 1060 505 562.
1113 449 1342 504 Starm.
1369 451 1486 509 Fa.
1524 470 1580 507 2.
1616 451 1719 506 56.
1750 453 1808 508 5.

283 564 340 617 7.
362 540 432 598 A.
452 542 663 599 ferru
680 542 802 617 gin
821 560 982 596 eum
1009 560 1068 615 p.
1089 538 1608 604 564.Starm.Fn.
1632 547 1865 619 2.57.4.

282 639 342 697 8.
390 634 463 699 A.
504 637 922 711 rufipenne
961 654 1020 710 p.
1059 629 1215 694 565.

357 728 695 785 Anisotoma
738 723 1006 793 dubium,
1045 726 1253 782 Sturm.
1294 724 1398 780 Fn.
1444 742 1497 781 2.
1541 723 1636 783 58.
1675 721 1732 783 5.

360 816 509 876 Var.
537 815 600 887 b,
648 833 901 890 corpore
946 821 1072 870 toto
1106 815 1361 890 pallido,
1419 818 1610 890 capite
1648 827 1866 873 anten—

426 929 757 984 narumque
774 908 939 965 clava
962 908 1154 965 solum
1172 911 1485 965 saturatius
1499 910 1869 985 ferrugineis·

361 1002 702 1058 Anisotoma
736 999 984 1075 pallem,
1023 1000 1233 1056 Sturm.
1266 995 1369 1057 Fn.
1413 1018 1465 1056 2.
1503 999 1598 1077 59.
1624 997 1680 1057 6.
1725 999 1780 1059 T
1777 1000 1869 1057 ab.

445 1078 543 1142 24.
571 1083 638 1162 f.
680 1082 748 1152 b,
794 1082 879 1152 B,
919 1082 980 1139 C.

283 1208 344 1265 9.
394 1184 466 1245 A.
516 1186 1061 1262 punctulatum
1111 1206 1166 1261 p.
1202 1181 1352 1245 566.

284 1304 322 1359 9
342 1315 377 1324 —
403 1303 503 1341 10.
522 1281 593 1337 A.
620 1280 1238 1337 multi-striatum
1259 1277 1403 1338 Pars
1426 1282 1477 1339 5.
1496 1283 1693 1357 add.p.
1716 1283 1865 1357 708.

285 1398 504 1455 9-10.
533 1376 603 1434 A.
640 1376 988 1451 spinipes
1022 1376 1171 1432 Pars
1199 1379 1260 1433 5.
1295 1378 1425 1433 add.
1450 1398 1506 1453 p.
1545 1397 1695 1452 709.

292 1493 391 1531 10.
437 1469 508 1529 A.
556 1472 987 1528 brunneum
1030 1490 1087 1546 p.
1121 1466 1273 1529 566.

361 1563 697 1621 Anisotoma
762 1558 1041 1630 badium,
1120 1562 1327 1617 Sturm.
1380 1559 1488 1618 Ιῗη.
1540 1578 1595 1617 2.
1651 1554 1751 1615 41.
1810 1555 1868 1615 8.

456 1647 511 1704 T
507 1646 600 1702 ab.
648 1639 745 1703 24.
767 1643 832 1722 f.
868 1664 917 1701 e.
951 1643 1020 1701 E.

293 1769 392 1808 11.
440 1749 509 1806 A.
562 1749 917 1824 dentipes
964 1768 1024 1823 p.
1059 1741 1213 1823 567.

292 1884 392 1922 12.
442 1861 513 1921 A.
560 1863 834 1939 globus
882 1882 939 1937 p.
972 1856 1123 1921 568.

365 1953 743 2030 Agatlzidium
778 1951 1029 2025 globus,
1082 1948 1218 2023 Dej.
1256 1951 1378 2009 Cat.
1412 1970 1474 2027 p.
1524 1967 1658 2026 129.

752 2037 1042 2114 ruficolle‚
1094 2038 1304 2092 Sturm.
1342 2036 1446 2092 Fre.
1495 2054 1552 2090 2.
1597 2032 1692 2089 68.
1737 2052 1828 2093 11.

364 2125 434 2185 In
493 2126 789 2183 umbrosis
854 2125 1154 2200 sylvaticis
1227 2125 1677 2200 Vestrogothiae
1744 2125 1867 2200 jam

449 2223 673 2296 pluries
710 2221 951 2279 lectum.

391 2307 513 2358 Obs.
565 2307 907 2356 Antennarum
954 2315 1192 2355 structura
1235 2306 1289 2353 in
1336 2304 1429 2353 hac
1482 2305 1650 2371 specie
1696 2316 1745 2353 et
1779 2323 1868 2353 se-

284 2379 554 2443 quentibus
592 2395 618 2424 a
656 2377 885 2442 genuinis
923 2376 1344 2424 Anisotomis
1381 2374 1590 2433 diversa,
1630 2393 1740 2422 nam
1783 2393 1868 2421 ar—

282 2446 467 2496 ticulus
506 2457 711 2495 octavus
754 2447 809 2493 in
860 2445 1109 2512 plerisque
1157 2456 1241 2492 aut
1285 2446 1495 2510 septimo
1531 2444 1747 2508 aequalis
1785 2456 1870 2492 aut

285 2517 465 2579 major,
528 2526 828 2580 quapropter
889 2517 1034 2562 etiam
1095 2514 1229 2579 apud
1281 2517 1577 2562 recentiores
1621 2512 1868 2579 peculiare

259 2586 596 2634 'constituunt
655 2583 855 2646 Genus,
914 2584 1355 2650 Agathidium
1404 2602 1614 2650 nempe3
1675 2585 1735 2631 ad
1783 2601 1859 2631 se-

285 2654 501 2703 ctionem
562 2654 1087 2702 Tetramerorum
1151 2665 1316 2701 tamen
1382 2671 1482 2701 non
1534 2664 1648 2719 apte
1708 2649 1866 2700 referri

283 2734 522 2790 possunt,
563 2741 674 2770 nam
709 2725 825 2771 ‘tarsi
861 2724 1124 2772 anteriores
1157 2724 1210 2769 in
1249 2723 1311 2771 A.
1351 2721 1548 2789 globo
1603 2734 1652 2772 et
1699 2722 1870 2789 pluri-

283 2796 378 2843 bus
415 2810 530 2842 vere
567 2794 645 2840 5-·
663 2792 902 2841 articulati
943 2793 1066 2841 mihi
1100 2792 1352 2842 videntur.

295 2894 394 2949 15.
447 2890 517 2948 A.
568 2891 1101 2969 staphylaeum
1145 2912 1203 2967 p.
1242 2891 1393 2965 569.
1715 2976 1760 3033 A

1757 2995 1870 3051 ga-
