2012 3398
305 140 427 202 650
705 137 1094 215 Appendix
1139 137 1230 197 ad
1269 141 1336 198 P.
1374 142 1522 199 III.

403 290 548 349 Var.
567 292 644 367 f,
690 289 951 347 thoracis
989 290 1276 348 lateribus
1317 292 1436 348 late
1475 291 1729 367 pallidis,
1766 292 1905 366 ely—

475 387 585 441 tris
620 384 856 440 macula
892 393 1126 441 tantum
1170 388 1347 442 unica
1388 389 1676 443 interiore
1718 387 1906 461 nigra,

474 482 669 537 rarius
698 480 887 535 altera
915 479 1231 536 humerali.

405 575 550 634 Var.
590 596 665 652 g,
726 582 849 628 tota
896 576 1097 650 nigra,
1145 583 1542 634 antennarum
1591 575 1718 633 basi
1765 582 1909 631 tan—-

475 679 603 746 tum
643 677 919 725 testacea.

402 765 695 822 Habitant
747 783 956 820 omnes
1007 767 1072 822 in
1105 765 1437 842 Lapponia.
1508 765 1691 824 Dom.
1746 765 1909 825 Com.

480 859 921 919 Mannerlzeim
954 869 1014 916 et
1050 862 1230 939 Prof.
1255 863 1470 939 Prytz.

417 945 537 995 Obs.
585 946 702 995 Var.
741 963 804 1012 g,
860 946 1021 1012 primo
1071 948 1260 997 intuitu
1320 944 1572 996 simillima
1621 945 1677 1002 C.
1717 946 1911 995 vimi-

312 1015 455 1068 nali
493 1034 595 1064 var.
633 1013 682 1076 l,
746 1015 832 1063 sed
879 1016 1090 1065 thoracis
1141 1018 1306 1067 discus
1344 1028 1394 1065 et
1439 1018 1704 1080 elytrorum
1745 1017 1912 1064 inter-

311 1087 446 1139 stitia
474 1087 819 1153 impunctat23
848 1104 1026 1154 corpus
1053 1088 1209 1155 magis
1235 1085 1508 1154 oblongum
1534 1097 1583 1134 et
1607 1103 1731 1136 anus
1756 1087 1910 1154 niger.

317 1222 428 1280 29·
477 1203 540 1260 C.
582 1204 1000 1282 rufipesp.
1034 1206 1186 1263 436.

316 1302 423 1357 50.
475 1299 540 1355 C.
590 1300 988 1357 viminalis
1038 1320 1096 1376 p.
1132 1302 1285 1373 487.

417 1384 544 1436 Obs.
593 1386 711 1436 Var.
749 1387 815 1448 b,
861 1386 1056 1436 thorace
1103 1387 1241 1448 rufo,
1304 1384 1658 1446 immaculato,
1707 1384 1915 1435 occurrit

317 1457 498 1517 etiam,
537 1458 689 1504 rarius
720 1455 869 1516 licet,
908 1457 1108 1522 punctis
1147 1458 1370 1522 quinque
1409 1457 1560 1521 nigris
1606 1457 1820 1505 anterius
1857 1455 1912 1503 in

312 1525 517 1590 singulo
555 1525 748 1590 elytro3
793 1527 953 1591 primo
992 1526 1243 1593 oblongo,
1280 1528 1419 1589 juxta
1472 1527 1762 1589 humerum3
1825 1542 1914 1573 se·-

314 1597 480 1645 cundo
519 1597 566 1643 ei
602 1597 873 1662 opposito,
927 1598 1138 1659 majore,
1174 1596 1475 1654 rotundato,
1536 1614 1708 1644 versus
1760 1605 1915 1643 summ

312 1683 446 1728 ram3
483 1667 549 1726 3,
588 1668 652 1727 4,
690 1666 860 1732 parvis
895 1668 1213 1715 transversim
1251 1666 1452 1732 positis,
1502 1684 1634 1730 pone
1673 1662 1914 1712 maculam

312 1735 648 1798 humeralem,
707 1747 758 1784 et
805 1737 982 1800 quinto
1035 1738 1249 1800 majore,
1309 1737 1555 1801 posterius
1612 1736 1913 1800 acuminato,

314 1805 467 1872 paulo
501 1823 637 1872 pone
674 1805 926 1868 medium,
964 1823 1139 1856 versus
1175 1816 1412 1856 suturam.

319 1925 429 1982 51.
485 1918 554 1983 C.
601 1927 1026 2001 marginata
1075 1945 1135 2002 p.
1166 1927 1321 2000 491.

410 2018 557 2078 Var.
586 2020 659 2094 cl,
698 2030 823 2076 tota
854 2022 1056 2096 nigra,
1106 2021 1436 2098 elytrorum
1465 2021 1731 2095 margine
1771 2019 1918 2097 pal--

484 2114 607 2171 lide
646 2115 1003 2175 rufescente.

411 2207 662 2266 Habitat
698 2231 835 2266 cum
876 2210 1175 2286 prioribus
1204 2210 1416 2266 rarius.

423 2294 549 2347 Obs.
600 2297 841 2346 Thoracis
890 2315 1055 2364 margo
1094 2315 1196 2345 non
1238 2313 1433 2362 semper
1476 2313 1633 2360 aeque
1669 2292 1919 2340 incrassa-

319 2376 433 2427 tus2
496 2377 547 2414 et
593 2367 689 2416 hoc
738 2368 792 2415 in
838 2369 976 2416 omni
1021 2368 1274 2417 varietate.
1347 2368 1461 2415 Var.
1510 2368 1573 2423 b,
1625 2363 1919 2430 plerumque

318 2436 472 2502 paulo
525 2436 692 2485 minor
738 2436 973 2503 reliquis,
1040 2436 1096 2486 C.
1150 2434 1470 2486 cinctella
1520 2434 1742 2501 Ziegler‚
1800 2432 1917 2493 Dej.

322 2504 429 2554 Cat.
467 2523 521 2570 p.
569 2523 680 2555 122.
704 2542 717 2565 ‚
757 2508 841 2556 sed
878 2507 971 2555 vix
1007 2507 1177 2571 specie
1216 2506 1429 2556 diversa.
1500 2504 1617 2554 Var.
1650 2521 1708 2564 c,
1755 2499 1919 2549 colore

319 2573 586 2641 pallidiore
600 2587 796 2625 tantum
812 2577 994 2640 differt,
1020 2577 1283 2627 immatura
1308 2576 1451 2638 forte,
1479 2584 1535 2624 ut
1550 2584 1692 2624 antea
1715 2570 1918 2623 dictum.

325 2695 434 2751 32.
485 2694 553 2750 C.
601 2695 857 2751 analis
910 2715 968 2770 p.
1005 2695 1159 2770 492.

326 2791 435 2847 55.
490 2789 555 2845 C.
605 2799 829 2846 aucta
876 2810 935 2865 p.
970 2790 1123 2864 494.

328 2885 434 2940 34.
485 2883 550 2940 C.
600 2884 1068 2959 marginella
1114 2903 1171 2958 p.
1206 2879 1358 2955 495.

329 2980 433 3034 55.
489 2980 554 3035 C.
605 2980 1015 3039 vitellinae
1063 2980 1304 3056 p-497·
1702 3054 1887 3105 ΗΠΒ
