2012 3398
344 136 466 197 154
909 140 1362 199 Coccinella.

339 293 473 332 ctore
515 282 753 347 utrinque
806 281 999 330 macula
1047 282 1358 351 triangularis
1401 282 1530 335 alba.
1602 283 1762 334 Pedes
1808 284 1948 334 rufo-

340 353 572 413 testacei,
612 363 817 400 externe
853 352 1106 403 infuscati.
1548 402 1552 405 .

446 423 505 470 In
541 440 646 472 var.
686 422 745 482 b,
797 423 962 470 omnia
997 423 1407 486 rufo—testacea,
1456 441 1582 488 quae
1632 424 1686 472 in
1721 442 1750 472 a
1787 425 1946 491 nigra,

342 502 394 541 et
429 491 851 560 pagina-inferior
886 493 1041 559 magis
1078 492 1282 560 pallida.

344 634 404 730 9.
455 652 522 712 C.
581 673 606 709 1
624 655 660 710 4
681 685 716 694 -
736 662 1069 728 guttata:
1120 654 1229 711 sub
1249 686 1286 698 —
1304 653 1800 730 hemisphaerica,
1831 675 1948 713 ru·-

465 748 885 822 fo-testacea,
936 750 1182 806 thorace
1210 752 1492 824 utrinque
1516 749 1757 823 lunula,
1807 752 1946 826 ely-

467 853 563 901 tro
596 845 831 919 singulo
861 847 1041 920 guttis
1070 855 1300 921 septem
1341 845 1571 915 albidis,
1611 865 1663 916 1,
1701 847 1759 918 5,
1797 864 1855 918 2,
1893 865 1946 901 1.

426 955 598 1012 Linn.
642 954 816 1012 Fabr.
876 955 970 1012 De
1022 954 1186 1012 Ge'er.
1265 957 1428 1030 Illig.
1482 954 1716 1012 Herbst.
1776 955 1947 1033 Payk.

513 1039 760 1096 Sclzo'nlz.
801 1041 927 1118 Syn.
978 1057 1033 1097 2.
1080 1057 1215 1119 191.
1265 1037 1399 1096 115.

427 1150 680 1208 Habitat
706 1152 768 1207 in
798 1151 1080 1208 silvaticis
1110 1159 1200 1207 sat
1223 1150 1522 1228 frequens

447 1287 645 1337 Statura
698 1285 1132 1351 praecedentium,
1185 1284 1506 1352 -plerumque
1555 1284 1707 1351 paulo
1773 1286 1948 1335 minor.

343 1359 508 1425 Caput
545 1374 784 1423 parvum,
834 1356 1115 1419 deflexum,
1164 1367 1376 1406 saturate
1412 1356 1605 1416 rufum,
1651 1354 1949 1404 immacula-

342 1441 483 1489 tum,
534 1427 698 1475 crebre
738 1425 1125 1492 punctulatum,
1187 1425 1346 1475 oculis
1398 1426 1642 1491 depressis
1689 1426 1947 1474 brunneis.

345 1498 552 1547 Thorax
585 1498 686 1545 iere
725 1507 782 1545 ut
816 1498 869 1544 in
908 1497 1159 1562 prioribus
1193 1507 1526 1557 constructus,
1563 1513 1713 1560 supra
1751 1494 1947 1543 modice

343 1585 638 1628 convexus,
676 1565 1026 1633 punctulatus,
1065 1576 1277 1615 saturate
1312 1566 1466 1627 rufus,
1507 1566 1724 1631 margine
1759 1567 1946 1613 reflexo

341 1637 646 1706 pallidiore,
686 1635 966 1702 diapl1an03
1018 1638 1071 1685 in
1124 1635 1306 1703 angulo
1359 1636 1552 1701 postico
1585 1635 1820 1699 utrinque
1858 1634 1950 1682 lu-

343 1706 468 1758 nula
503 1706 685 1768 albida,
722 1708 930 1772 margini
959 1707 1211 1772 contigua.
1263 1703 1543 1754 Scutellum
1580 1705 1761 1755 rufum.
1811 1703 1949 1767 Ely—

341 1791 414 1827 tra
453 1796 660 1843 magna,
710 1794 970 1838 convexa,
1022 1776 1422 1835 rufo-testacea,
1462 1764 1950 1840 crebre-punctam,

340 1849 500 1914 guttis
536 1848 590 1894 in
629 1845 830 1912 singulo
868 1857 1059 1912 septem
1097 1846 1308 1907 albidis,
1353 1844 1602 1894 interdum
1642 1845 1948 1893 fusco-cin·-

343 1919 468 1980 ctis;
505 1918 666 1983 prima
704 1917 759 1963 in
798 1918 902 1965 basi
937 1917 1196 1979 interiore3
1234 1927 1342 1964 tum
1377 1925 1472 1963 tres
1507 1915 1559 1962 in
1595 1916 1743 1979 striga
1778 1924 1948 1962 trans-

343 2005 486 2037 versa
510 1998 624 2036 ante
662 1985 898 2049 medium,
937 1985 1051 2034 dein
1090 1987 1214 2034 duae
1249 2003 1381 2050 pone
1410 1984 1628 2032 medium
1658 1995 1709 2032 et
1747 1983 1948 2032 tandem

342 2057 522 2109 ultima
567 2058 694 2105 intra
741 2059 949 2121 apicem.
1023 2057 1205 2105 Pectus
1241 2056 1416 2104 subtus
1470 2055 1695 2120 nigrum,
1757 2052 1950 2101 macula

346 2127 511 2176 albida
572 2128 808 2191 utrinque
870 2126 1116 2189 anterius3
1184 2136 1365 2174 venter
1412 2125 1464 2172 in
1531 2124 1695 2173 medio
1756 2125 1947 2190 piceus,

343 2196 501 2249 limbo
541 2206 772 2246 testaceo.
844 2195 1004 2244 Pedes
1038 2196 1130 2244 toti
1168 2193 1554 2244 rufo-testacei.

348 2379 461 2419 ·10.
517 2358 581 2414 C.
643 2357 761 2413 bis
790 2391 826 2398 -
856 2377 988 2414 sex
1017 2387 1054 2396 -
1083 2363 1435 2431 guttata:
1515 2357 1624 2412 sub
1654 2388 1691 2396 -
1717 2354 1950 2411 hemis—

470 2453 776 2529 phaerica,
826 2452 1306 2522 ruso-testacea,
1346 2449 1591 2508 thorace
1623 2452 1816 2507 antice
1845 2450 1951 2507 vix

475 2531 842 2622 emarginato
860 2590 876 2622 ,
911 2546 1198 2604 lateribus
1225 2545 1411 2601 albo—
1429 2546 1764 2623 diaphano,
1811 2544 1950 2618 ely—

479 2650 573 2699 tro
610 2643 844 2717 singulo
888 2644 1068 2718 guttis
1119 2661 1226 2698 sex
1269 2640 1508 2715 albidis,
1578 2660 1600 2697 1
1626 2685 1648 2714 ,
1692 2658 1727 2697 2
1789 2639 1951 2695 obli-

472 2740 637 2812 quis,
694 2755 725 2793 2
753 2780 770 2810 ,
824 2756 877 2796 1.

431 2846 607 2904 Fabr.
632 2846 975 2922 Illig.Hbst.
993 2844 1563 2923 Payk.Scl15f2l2.Syn.
1588 2851 1641 2900 2.
1663 2861 1795 2922 191.
1821 2840 1953 2898 115.

352 3034 358 3040 ¹
433 2955 684 3014 Habitat
719 2957 782 3013 in
807 2957 1052 3030 Betula,
1092 2956 1339 3029 Quercu
1360 2997 1374 3027 ,
1429 2955 1628 3011 minus
1655 2953 1954 3028 frequens.

1829 3037 1956 3086 Par-
