2012 3398
718 133 771 187 R
786 132 859 208 lzy
876 153 911 188 n
927 133 1002 187 clt
1022 151 1057 186 ιι
1073 150 1149 187 en
1167 150 1204 186 ιι
1217 154 1259 186 s.
1676 130 1796 188 565

182 273 438 340 longiore,
491 275 657 323 minus
706 291 894 334 crasso,
963 277 1393 338 antennarumque
1452 273 1590 322 clava
1638 274 1799 337 brevi,

181 357 358 402 ovata,
409 345 507 393 fere
558 345 706 393 unice
753 344 1050 406 distinctus3
1103 344 1267 392 forsan
1316 344 1656 409 praecedentis
1709 346 1796 393 fe-

181 411 361 461 mina?
435 413 599 479 Caput
635 413 787 479 paulo
826 415 980 481 magis
1022 429 1308 462 convexum
1348 424 1399 461 et
1437 413 1612 462 fortius
1649 433 1798 479 pun-

178 494 396 544 etatum,
458 494 673 532 ceterum
743 495 800 532 ut
849 486 901 532 in
955 483 1137 548 priori;
1187 493 1398 530 rostrum
1439 484 1602 549 capite
1638 484 1793 549 paulo

175 551 412 619 longius,
460 555 552 601 sub
601 563 826 615 rectum,
875 554 1041 602 minus
1093 569 1339 613 crassum,
1395 553 1619 618 nigrum,
1659 555 1794 602 niti—-

175 623 325 683 dum,
364 623 470 670 basi
509 625 676 670 crebre
714 634 1040 688 punctatum,
1078 623 1219 688 apice
1256 620 1409 687 paulo
1447 622 1627 684 latius,
1667 625 1793 671 sub--

174 691 315 741 tilius
353 691 720 758 punctulatum.
774 693 1044 742 Antennae
1073 692 1235 758 capite
1270 710 1384 739 cum
1413 692 1613 740 thorace
1639 693 1790 758 paulo

173 763 460 823 breviores,
509 762 845 828 ferrugineae,
906 761 1050 810 clava
1091 764 1587 810 ovato-acuminata
1635 764 1787 825 fusca,

173 834 501 897 pubescente,
544 831 762 881 articulis
798 831 1005 897 reliquis
1047 831 1145 879 sere
1172 843 1231 879 ut
1271 832 1325 878 in
1363 833 1516 898 priori
1553 845 1784 882 constru-

171 903 281 952 ctis.
356 902 564 951 Thorax
603 912 659 949 ut
696 903 748 949 in
785 903 1113 967 praecedente
1150 901 1406 963 formatus,
1443 920 1595 968 supra
1631 903 1784 968 paulo

174 972 331 1036 magis
382 989 671 1029 convexus,
725 971 939 1021 foveolis
988 973 1150 1019 tribus
1202 973 1460 1035 impressis
1511 983 1561 1021 et
1597 972 1785 1022 lineola

172 1042 333 1088 antica
374 1041 599 1103 elevata,
637 1040 806 1102 laevi,
844 1043 1156 1101 abbreviata,
1194 1052 1422 1104 notatus,
1480 1044 1687 1092 omnino
1728 1055 1785 1092 ut

169 1112 224 1158 in
269 1109 390 1174 illo;
445 1110 579 1161 color
629 1123 679 1160 et
729 1123 973 1178 punctura
1026 1113 1173 1160 etiam
1225 1110 1414 1160 eadem.
1499 1111 1783 1162 scutellum

170 1180 536 1247 majusculum,
576 1183 795 1248 nigrum,
834 1183 975 1247 apice
1014 1183 1268 1231 obtusum.
1343 1181 1631 1247 Elytrorum
1672 1183 1783 1232 sor-

167 1269 277 1314 ma,
329 1251 492 1312 color,
551 1250 681 1300 sulci
736 1263 785 1300 et
820 1253 1088 1301 interstitia
1142 1252 1350 1300 omnino
1387 1254 1530 1302 utin
1566 1272 1779 1319 praece—

165 1321 336 1383 denti,
385 1321 534 1370 modo
585 1333 768 1388 puncta
815 1322 869 1370 in
909 1320 1063 1371 sulcis
1100 1319 1254 1388 paulo
1293 1324 1506 1387 majora,
1556 1324 1780 1375 eviden-

163 1391 304 1441 tiora.
378 1391 571 1458 Corpus
609 1403 658 1440 et
693 1391 846 1459 pedes
881 1403 937 1440 ut
973 1393 1028 1440 in
1068 1392 1237 1458 priori.

172 1499 276 1557 13.
321 1497 394 1553 T.
441 1498 727 1569 Pruni,
784 1498 1048 1556 Sclzbtzlz.

247 1587 552 1662 M‘agdczlis
582 1589 797 1658 Prum’,
847 1589 1035 1644 Germ.
1065 1589 1187 1645 Ins.
1210 1589 1307 1662 Sp.
1342 1591 1395 1645 I.
1431 1605 1566 1666 192.
1596 1610 1650 1644 a.

244 1673 668 1750 Rlzytzclzaemcs
705 1673 926 1744 Przmi,
969 1674 1093 1730 Ins,
1121 1675 1220 1731 Sy.
1246 1673 1304 1732 ὅ.
1334 1670 1433 1730 82.
1473 1669 1565 1730 16.

534 1809 1214 1862 RHYNCHAENUS.
1265 1821 1401 1862 cont.

170 1921 269 1978 17.
313 1904 391 1961 R.
434 1903 686 1959 Rhina
728 1925 783 1979 p.
820 1905 925 1960 85.
966 1905 1081 1962 vid.
1120 1914 1322 1962 antea:
1384 1901 1776 1960 Thr-imno·-

280 2000 550 2075 philus
588 1998 842 2055 Rhina
882 2020 941 2058 n.
973 2018 1091 2071 10,
1134 2009 1194 2055 et
1235 2000 1364 2076 ejus
1397 2019 1520 2058 ver.
1551 1999 1606 2070 b,
1633 1999 1776 2056 ibid.

279 2094 897 2170 Thamnophilns
941 2094 1439 2152 barbicornis
1482 2114 1540 2150 n.
1579 2112 1693 2150 11.'

168 2194 266 2247 18.
315 2190 386 2247 R.
440 2191 919 2246 bi-nodulns
975 2212 1032 2266 p.
1069 2193 1172 2248 84.
1265 2190 1419 2246 Gen.
1456 2190 1774 2265 Bagou&

275 2286 536 2343 Schbtzlz.
568 2285 738 2342 Cure.
757 2306 824 2363 p.
859 2287 1015 2361 289.

168 2401 265 2456 19.
314 2380 389 2434 R.
439 2381 742 2436 lutosus
791 2403 849 2456 p.
885 2383 989 2440 85.
1292 2381 1439 2438 clito,

263 2466 386 2515 Obs.
448 2465 766 2514 Curculio
825 2466 1300 2533 Collignensis
1353 2465 1607 2527 Herbstii‚
1674 2463 1776 2512 huc

160 2556 263 2587 non
301 2535 552 2602 pertinet,
588 2546 801 2585 testante
838 2537 991 2589 Dom.
1034 2536 1315 2602 Schiippel,
1356 2538 1443 2602 qui
1474 2535 1646 2597 alium,
1684 2552 1775 2584 se·-

160 2608 335 2674 quenti
373 2607 691 2672 proximum,
728 2608 820 2655 sub
862 2608 959 2657 hoc
995 2608 1201 2656 nomine
1241 2607 1650 2657 communicavit.

159 2717 264 2756 20.
310 2698 386 2754 R.
434 2698 878 2756 lutulentus
934 2720 992 2776 p.
1029 2699 1136 2757 86.
1200 2699 1411 2756 Genus
1453 2701 1773 2773 Bagmm,

285 2792 656 2850 Sclz'o'nlzerr.

243 2883 514 2939 Curculio
543 2882 959 2956 Colligzzensis,
994 2883 1232 2942 Herbst.
1260 2884 1379 2943 Col.
1415 2903 1468 2960 7.
1501 2880 1597 2941 50.
1631 2877 1772 2938 608.

335 2967 474 3024 sab.
524 2972 620 3044 98.
661 2968 721 3046 J.
770 2987 823 3043 7.
863 2988 907 3024 c·
1648 3045 1751 3094 Ob«
